3192 5154
817 363 860 426 44

464 547 515 606 illo
531 547 605 617 uelit,
615 544 726 621 poterit
739 559 862 618 meones
876 561 935 604 ooo
950 547 1060 604 dacor
1071 546 1195 619 saram

393 721 397 728 ,
558 657 586 712 et
600 651 726 712 ootwn‘s
740 651 816 710 aas
831 645 1119 724 essloovercooos.

465 761 570 836 quippe
585 763 622 830 et,
640 759 766 818 Collinas
781 759 950 832 trifossam
963 759 1087 820 moverit
1099 757 1216 830 berbos,

552 866 661 924 stantia
676 865 806 924 cantati
821 865 1001 924 diluerentur
1016 870 1111 939 oque.

286 973 319 1034 et
334 967 473 1053 primum
497 965 627 1049 quidem
650 973 716 1030 oettt
732 970 845 1048 poterit
865 972 985 1030 morati
1007 965 1047 1030 de
1071 972 1197 1032 mortua
1218 967 1292 1032 lena
1316 965 1398 1032 false

283 1079 485 1159 usurpantur.
509 1149 511 1158 y
530 1069 655 1138 aceedit
670 1070 765 1156 quod,
781 1071 863 1137 sieut
878 1071 916 1156 V,
927 1077 954 1155 1,
975 1075 1015 1137 33
1033 1073 1066 1136 iu
1082 1091 1179 1139 versu
1194 1072 1397 1158 interpolato,

212 1239 226 1268 ,
283 1179 334 1246 hio
357 1193 484 1263 quoque
514 1179 625 1264 inepte
654 1179 761 1263 posita
784 1184 833 1245 est
856 1184 964 1259 quippe
985 1180 1143 1264 particula
1167 1185 1200 1244 ut
1223 1179 1269 1244 ita
1293 1178 1398 1244 dieam

284 1287 430 1370 causalis,
447 1306 511 1368 qua
520 1304 628 1353 eorum
638 1305 722 1368 quae
737 1284 881 1351 iudicata
896 1291 968 1350 suut
977 1286 1208 1371 expositionem
1217 1286 1397 1353 uberiorem

284 1394 456 1478 scriptores
472 1379 629 1458 iudueere‘
641 1391 752 1458 solent.
798 1412 853 1457 eur
868 1412 945 1458 voro
961 1389 1079 1458 herbas
1096 1391 1138 1457 ad
1154 1391 1279 1458 lossam.
1290 1399 1398 1459 movet

283 1498 382 1565 lena?
422 1505 456 1563 ut
472 1491 673 1573 vietimarum
694 1489 883 1581 sanguinem
901 1498 976 1570 illue
990 1497 1170 1583 infundant,
1186 1500 1315 1580 serobes
1330 1521 1397 1563 ma-

283 1607 374 1689 gioas
397 1605 496 1672 effodi
519 1605 612 1673 doeet
631 1606 742 1671 Horat.
759 1624 852 1671 serm.
868 1607 893 1690 Ι
911 1611 939 1690 8,
953 1609 996 1670 26
1013 1626 1098 1688 sqq.3
1129 1605 1221 1671 Ovid.
1239 1612 1310 1670 met.
1328 1605 1398 1688 VII,

283 1716 346 1776 243
364 1732 432 1795 sqq.
464 1711 939 1798 deniqueslootlopartrorp1um
956 1712 1034 1777 satis
1046 1711 1266 1797 explioarivix
1282 1717 1396 1796 potest.

150 1870 152 1876 ,
281 1835 455 1914 perperam
471 1810 565 1884 euim
589 1811 819 1902 Hertzbergius
852 1824 1005 1901 tanquam
1028 1815 1190 1898 rigidael
1177 1817 1294 1882 ldura
1316 1817 1398 1883 haee

283 1925 415 2009 aeeipit;
444 1943 526 2006 quae
542 1923 554 1987 i
555 1929 590 1988 ta
604 1945 668 1990 non
684 1925 793 1989 vocari
817 1924 973 2007 videutm,
997 1923 1062 1988 uisi
1084 1921 1196 1989 addita
1218 1923 1380 1990 veluti
1329 1927 1397 2004 pola

282 2050 371 2114 voee,
394 2036 428 2096 ut
443 2029 530 2115 apud
547 2027 640 2096 ovid
656 2050 697 2096 ex
712 2031 813 2097 Ponto
830 2033 884 2115 IV,
909 2037 937 2115 7,
955 2036 990 2113 83
1019 2030 1127 2096 Horat.
1153 2049 1248 2096 earm.
1272 2033 1296 2115 Ι,
1321 2036 1351 2116 9
1367 2035 1396 2095 4

198 2165 202 2171 ’
282 2158 357 2202 nam
374 2155 456 2219 quae
473 2134 570 2222 adV,
589 2143 623 2201 11
629 2137 826 2221 ‚reollegit
849 2080 904 2202 ille
928 2137 1091 2222 exempla
1101 2151 1174 2202 non
1187 2137 1313 2222 rigoris,
1337 2136 1396 2204 sed
1523 2219 1526 2224 Ι

272 2242 460 2322 ¹altitudinis
474 2243 637 2312 notionem
653 2264 732 2338 prae
756 2263 792 2310 se
808 2243 936 2308 lerunt.
968 2242 1060 2308 haee
1064 2243 1253 2330 igiturlpsa
1267 2243 1396 2310 firmare
1462 2274 1475 2312 .·
1580 2275 1581 2282 .

282 2349 431 2416 vidontm
446 2349 640 2418 Broukbusii
657 2349 839 2436 opinionem
856 2349 906 2414 eui
921 2357 1031 2415 stateo
1051 2369 1124 2417 esse
1141 2347 1332 2436 persuasum
1348 2357 1397 2448 est

283 2469 502 2540 quaeeumque
526 2453 625 2544 supra
648 2464 767 2524 terram
797 2456 1009 2540 promineant.
1055 2464 1089 2523 at
1115 2453 1194 2522 haee
1217 2459 1375 2543 explieat
1367 2479 1397 2523 ro

283 2568 415 2648 propter
439 2570 674 2630 euru-entem
698 2583 815 2646 aquam
846 2562 1057 2647 ferriuequit
1080 2564 1130 2628 eui
1153 2584 1216 2628 uon
1239 2564 1314 2648 alta,
1338 2563 1397 2629 sed

284 2667 388 2734 solida
403 2669 597 2756 opponenda
614 2677 714 2735 erant.
752 2669 950 2753 relinquitur,
974 2675 1009 2734 ut
1031 2672 1140 2734 stootio
1155 2688 1235 2735 esse
1246 2669 1396 2736 'dieamus

283 2774 389 2840 firma:
418 2777 524 2842 obstat
539 2782 647 2841 tamen
663 2774 812 2848 diluendis
822 2776 955 2858 uerbum
979 2774 1029 2840 eui
1045 2795 1086 2844 ,ea
1108 2775 1212 2860 potius
1237 2769 1396 2844 salinaria

301 2888 364 2967 unt
386 2904 468 2964 quae
484 2883 567 2947 inter
583 2903 618 2948 se
633 2882 707 2967 ipsa
723 2882 861 2964 materia
875 2881 1056 2965 cohaerent,
1080 2902 1175 2964 quam
1199 2901 1286 2965 quae·
1306 2881 1396 2947 firme

284 2995 378 3055 stant.
410 3010 524 3074 parum
542 2989 639 3071 igitur
655 2983 843 3072 diligentem
859 2987 910 3053 bio
926 3007 1082 3070 agnosces
1099 2988 1284 3073 orationem,
1298 3009 1397 3071 quam

284 3096 474 3162 oouioeturis
495 3094 582 3179 apud
598 3077 817 3158 Burmanuum
831 3093 975 3160 oolleetis
996 3095 1200 3172 emendatam
1217 3089 1273 3161 uix
1290 3094 1396 3161 duoes.

283 3209 454 3288 praeterea
477 3208 585 3267 autem
609 3221 707 3286 saepe
731 3203 852 3264 natura
868 3201 940 3284 ipsa
964 3199 1034 3286 fert,
1058 3207 1092 3266 ut
1113 3203 1232 3268 stantia
1247 3223 1333 3286 aqua
1350 3201 1396 3266 di-

283 3309 418 3373 luantur.
447 3309 556 3389 itaque
564 3325 604 3372 ue
614 3306 801 3372 miraculum
809 3305 949 3390 quidem,
967 3308 1130 3391 qualehoe
1138 3310 1206 3374 loeo
1215 3305 1396 3392 requiritur,

283 3437 312 3480 v
332 3420 369 3479 12
388 3419 564 3481 enarratur.
610 3411 789 3496 eademque
812 3409 1025 3480 observatio
1018 3421 1168 3502 exparte
1183 3415 1293 3498 aliqua
1309 3403 1396 3482 vaiet

284 3521 405 3588 etiam
396 3538 473 3586 mv.
494 3521 541 3583 10.
573 3537 672 3602 quare
689 3540 749 3603 ego
765 3519 822 3585 hos
839 3541 950 3588 versus
967 3523 1021 3604 qui
1035 3543 1077 3588 ne
1093 3522 1259 3588 amatoria
1267 3521 1406 3606 quidem·

283 3629 377 3693 lenae
393 3622 553 3692 artifieio
539 3632 711 3712 merepant
698 3625 926 3693 texoluserim.

348 3730 509 3798 ¹Ultimus
527 3731 672 3798 eiusdem
688 3731 829 3800 fabricae
846 3735 933 3800 loeus
950 3741 999 3802 est
987 3736 1052 3819 tv,
1070 3740 1088 3800 6
1106 3757 1158 3801 vv.
1172 3739 1214 3808 45
1232 3757 1305 3818 sq.:.
1316 3738 1396 3817 quos

282 3839 327 3904 ita
343 3839 416 3904 libri
434 3839 600 3905 exhibent:
614 3857 632 3915 g
658 3881 661 3898 Ι
1279 3827 1284 3838 ’

479 3955 508 4008 et
519 3951 636 4011 amiam
650 3953 738 4015 remis
753 3953 863 4012 audeat
871 3939 1070 4030 prope'tmpe
1087 3955 1199 4015 Latinis

487 4051 495 4071 '
554 4059 692 4134 peecare
707 4064 734 4119 to
747 4062 854 4134 fluctos
866 4053 954 4136 repta
969 4063 1034 4120 velo
1043 4064 1128 4137 poti.

282 4155 366 4221 unde
382 4156 540 4243 Hauptius
557 4149 665 4225 verbis
682 4159 841 4243 usquead
851 4183 950 4242 prope
965 4162 1155 4246 voeabulum
1180 4183 1200 4226 a
1217 4162 1330 4238 esteris
1348 4179 1394 4224 se—

283 4261 405 4347 paratis
415 4270 528 4350 postea
536 4266 665 4350 scripsit
674 4272 802 4331 Latinos.
834 4286 896 4349 quo
906 4265 988 4332 iaeto
998 4269 1087 4352 prius
1101 4263 1182 4332 illud
1197 4268 1395 4336 enuntiatum
