3192 5154
819 393 864 458 311

284 569 336 636 vel
359 567 501 634 maxime
524 565 674 634 abhorret
697 568 786 635 velut
816 567 896 634 haec
919 569 1078 636 sententia
1096 589 1269 649 percamus
1286 575 1398 649 follere

282 684 359 741 mmo
380 686 429 740 sut
450 687 500 740 cst.
552 675 672 740 talibus
699 659 842 758 profecto
865 689 929 740 non
960 696 1036 742 usus
1060 682 1109 742 est
1133 675 1220 742 idem
1240 677 1274 741 in
1297 677 1396 742 simili

284 783 430 848 oratione
453 779 541 865 apud
557 780 700 865 Propert.
716 780 770 864 IV,
787 785 815 846 3.
862 779 1001 863 denique
1025 797 1065 847 ne
1081 775 1249 866 horoscopi
1267 782 1397 865 quidem

283 911 336 956 ars
350 883 563 954 Heimreichii
588 887 629 954 de
644 886 704 953 hoo
727 888 797 953 loeo
813 894 1007 954 sententiam
1023 887 1093 956 fert.
1138 890 1167 954 is
1184 884 1315 955 enimv.
1336 895 1396 955 150

282 1001 392 1062 monet
406 995 619 1079 Propertium,
644 1001 678 1059 ut
694 995 852 1079 octipedis
874 996 980 1060 cancri
1004 1001 1097 1077 terga
1120 995 1252 1075 sinistra
1275 997 1396 1061 timeat.

259 1123 265 1132 ·
283 1123 346 1186 qno
362 1123 467 1188 versu,
483 1101 575 1168 nohis
592 1100 724 1183 quidem
740 1099 824 1166 nunc
840 1101 937 1168 valde
953 1102 1097 1186 obscuro,
1110 1108 1146 1166 at
1156 1101 1223 1185 ipsi
1230 1101 1396 1186 Propertio

286 1211 356 1275 sine
373 1208 472 1273 dubio
496 1215 547 1274 sat
571 1206 858 1292 pe1·spicuo,quod
881 1207 1011 1273 tandem
1034 1208 1155 1282 malum
1179 1214 1292 1292 tangat
1306 1208 1398 1274 horo·
1436 1271 1440 1280 ,

282 1335 397 1398 scopus
414 1335 471 1399 pro
489 1319 575 1379 certo
596 1311 661 1378 dici
681 1314 801 1395 nequit.
847 1321 954 1379 tumen
971 1328 1032 1397 ego
1050 1314 1180 1397 quidem
1201 1335 1262 1380 non
1284 1313 1396 1379 dubito

283 1422 360 1504 quin
375 1419 523 1503 Scaliger
539 1439 616 1485 vere
640 1419 837 1486 divinaverit
860 1423 935 1493 novi
960 1421 1081 1488 amoris
1104 1421 1396 1506 pronuntiationem

282 1525 341 1594 hoc
356 1545 454 1594 versu
471 1527 643 1608 contineri;
669 1525 725 1604 cir.
742 1526 973 1610 Hertnbergius
990 1527 1031 1592 ad
1047 1527 1077 1592 h.
1094 1527 1113 1592 1.
1158 1547 1298 1612 namque
1314 1529 1397 1594 ioco·

281 1655 353 1704 sum
367 1634 475 1718 potius
492 1653 590 1716 quam
606 1649 722 1700 revera
737 1633 828 1698 triste
837 1633 1026 1700 vaticinium
1043 1633 1176 1716 aliquod
1191 1634 1244 1699 hic
1259 1632 1395 1718 proferri

253 1741 378 1807 'indm
403 1739 557 1806 carminis
580 1736 690 1804 indole
714 1746 745 1805 et
767 1721 882 1805 natura
906 1739 1120 1807 confirmatur.
1164 1740 1254 1823 atqui
1279 1741 1306 1806 si
1330 1742 1396 1805 iam

282 1869 333 1913 vv.
354 1851 414 1914 139
431 1863 500 1931 sqq.
516 1847 631 1932 Apollo
647 1866 766 1912 novum
782 1867 924 1913 amorem
940 1846 1109 1932 Propertio
1125 1847 1321 1913 vaticinatus
1338 1853 1396 1931 est

281 1953 476 2038 horoscopus
491 1953 551 2019 hoe
575 1974 671 2020 versu
695 1953 775 2019 nihil
798 1955 873 2020 novi
898 1955 929 2020 ei
952 1953 1126 2038 praedicit:
1155 1953 1241 2035 quod
1265 1954 1397 2036 quidem

282 2068 385 2126 artem
402 2062 473 2128 eius
497 2061 593 2126 tantis
617 2061 789 2127 verborum
814 2061 963 2145 ampullis
984 2059 1240 2126 commendatam
1264 2060 1397 2126 minime

282 2167 382 2234 decet.
427 2173 597 2253 practerea
617 2189 768 2234 versuum
786 2167 1004 2233 distributioni
1027 2167 1068 2233 ab
1090 2166 1308 2232 Heimreiehio
1324 2187 1395 2250 pro-

281 2274 407 2360 positae
438 2280 602 2359 oppugnat
626 2274 723 2340 etiam
747 2296 826 2339 oaac
849 2258 1008 2360 particula
1028 2295 1057 2339 v.
1085 2277 1155 2338 147.
1205 2272 1286 2338 haec
1310 2275 1398 2339 euim
1519 2291 1523 2300 ·

281 2375 408 2466 tempus
423 2377 557 2448 delinire
573 2388 757 2466 non-potest
773 2386 905 2466 propter
921 2400 993 2446 eam
1010 2395 1093 2462 quae
1109 2379 1255 2462 sequitur
1270 2386 1396 2448 senten-
1431 2453 1434 2460 ,

252 2512 256 2518 ·
280 2488 375 2553 tiam:
402 2508 476 2553 nam
493 2481 678 2572 prodigium
698 2485 780 2550 illud
804 2507 867 2551 non
883 2486 954 2570 ipso
968 2473 1036 2550 ‘hoc
1051 2486 1206 2570 temporis
1226 2491 1397 2572 mom'en'to,

281 2594 340 2661 sed
356 2594 462 2660 futuro
483 2595 592 2678 aliquo
612 2587 730 2658 minari
756 2592 873 2658 dicitur
889 2615 940 2659 vv.
967 2597 1026 2658 147
1052 2614 1120 2676 sqq.
1167 2611 1267 2675 quare
1290 2593 1396 2676 potius

280 2708 434 2783 tanquam
459 2701 661 2767 conclusione
680 2699 777 2764 lacta
804 2717 845 2764 ea
866 2698 1115 2783 comprehendit
1142 2716 1226 2782 quae
1249 2698 1396 2764 versibus

280 2807 550 2891 praecedentibus
567 2797 757 2873 efficiuntur.
788 2812 886 2888 atque
902 2811 1015 2872 notam·
1026 2805 1108 2871 hane
1123 2805 1303 2890 particulae
1317 2825 1401 2870 nanc·

280 2911 548 2996 significationem
580 2932 644 2994 qua
674 2911 791 2978 similis
820 2918 869 2978 est
897 2912 1053 2980 vocabulo
1086 2927 1156 2992 erpo
1185 2911 1395 2978 observamus

282 3021 379 3098 etiarn
396 3018 483 3107 apud
499 3019 643 3104 Pnopert.
659 3019 684 3104 Ι,
701 3023 730 3103 2,
747 3021 806 3102 253
828 3024 858 3095 6,
878 3025 912 3102 13
938 3023 986 3103 le,
1006 3024 1037 3101 ¹3
1058 3019 1099 3103 ΙΙ,
1116 3021 1145 3103 3,
1162 3022 1221 3101 333
1249 3019 1306 3101 ΙΠ,
1327 3017 1396 3100 reb,

281 3131 339 3212 233
368 3127 442 3212 neb,
459 3131 508 3194 21.
555 3147 630 3192 suas
653 3133 761 3192 autem
777 3127 880 3210 ipsius
896 3125 1074 3192 sententias
1096 3125 1263 3212 complecti
1287 3123 1396 3188 Horon

280 3240 529 3300 consentaneum
550 3238 607 3298 est.
660 3253 737 3316 ergo
761 3232 865 3300 Horos
887 3232 995 3316 potius
1018 3251 1114 3315 quam
1138 3231 1254 3315 Apollo
1275 3237 1350 3296 ante
1367 3251 1396 3296 v.

284 3344 344 3403 147
361 3338 485 3416 locutus
502 3344 560 3404 est.
606 3337 718 3419 itaque
740 3337 788 3401 illi
813 3336 1054 3404 attribuendum
1071 3342 1119 3404 cst
1135 3336 1176 3403 dc
1192 3336 1322 3420 puellae
1344 3357 1395 3402 su-

280 3445 394 3528 perbia
410 3445 600 3513 vaticinium
617 3443 716 3527 idque
733 3453 803 3552 erat
827 3444 907 3510 illud
924 3443 1011 3527 quod
1028 3443 1146 3510 certius
1170 3461 1234 3508 non
1250 3441 1396 3509 definivit

280 3549 518 3618 Heimreicbius
543 3551 635 3617 triste
656 3545 857 3635 prodigium
905 3551 1018 3636 incipit
1042 3550 1128 3616 enirn
1152 3549 1394 3616 mesauloe

280 3661 397 3724 iterum
413 3651 502 3740 loqui
519 3659 716 3742 astrologum
746 3658 857 3744 ibique
873 3680 931 3745 pro
946 3679 1016 3723 nom
1032 3657 1190 3742 particula
1205 3657 1271 3721 leni
1288 3675 1394 3721 emen·

209 3807 213 3813 ,
280 3765 411 3830 datione
428 3783 546 3848 repone
561 3772 621 3830 ium
637 3763 723 3849 q'uod
739 3765 913 3851 respondet
928 3787 998 3830 mox
1013 3763 1191 3848 particulae
1207 3784 1237 3827 v.
1257 3767 1327 3826 131.
1361 3762 1393 3824 in

278 3871 445 3954 horoscopi
464 3872 563 3954 igitur
579 3873 724 3941 oratione
745 3880 872 3940 exstant
887 3893 938 3938 vv.
953 3877 1008 3936 141
1028 3891 1085 3952 sq„
1101 3869 1142 3934 de
1165 3889 1300 3950 quorum
1316 3866 1394 3932 sede

279 3978 473 4044 dubitamus.
504 3980 748 4064 atqueprimum
758 3979 899 4062 quidem,
915 3978 1039 4044 sirecte
1054 3976 1159 4040 locum
1175 3980 1267 4039 snum
1277 3979 1395 4056 tenent,

280 4085 427 4169 exemplo
444 4085 542 4150 allato
567 4085 728 4153 distichon
751 4084 836 4168 quod
860 4081 1023 4149 antecedit
1044 4081 1221 4146 illustrant:
1248 4099 1332 4161 quae
1347 4087 1394 4144 ta-

279 4212 352 4258 men
376 4191 547 4277 explicatio
577 4194 685 4277 inepte
710 4203 738 4256 el
759 4190 919 4274 particula
941 4187 1094 4252 adiuncta
1119 4191 1175 4252 est.
1225 4192 1394 4268 praeterea
1469 4223 1473 4230 -

279 4319 361 4381 quae
377 4300 508 4366 tandem
525 4306 574 4367 est
590 4302 653 4366 ista
669 4296 799 4362 dicendi
808 4315 867 4362 -ars
892 4315 956 4378 qua
972 4295 1076 4378 primo
1093 4315 1144 4360 vv.
1161 4297 1220 4357 141
1240 4285 1395 4374 suamne
