3192 5154
732 1143 890 1265 Caput
910 1143 953 1240 Ι.

328 1387 390 1456 De
414 1385 771 1498 emendandarum
798 1382 897 1452 libri
925 1382 1063 1467 quinti
1096 1369 1358 1467 Propertium

514 1509 741 1590 elegiarum
767 1508 930 1576 ratione
955 1505 1183 1578 disseritur.

286 1703 344 1798 Ac
374 1729 497 1815 primus
525 1726 656 1811 quidem
688 1729 775 1794 locus
807 1735 856 1793 est
888 1725 936 1792 de
968 1728 1038 1793 via
1068 1727 1301 1793 uenatione
1326 1749 1402 1812 qua

288 1834 650 1902 etiamnunclibri
667 1834 803 1918 quinti
820 1832 1219 1916 elegiaeemendari
1243 1835 1402 1919 possint.

288 1961 351 2024 quo
366 1941 400 2006 in
409 1940 599 2027 explicando
616 1941 869 2026 initiumcapere
886 1939 1036 2006 convenit
1053 1940 1102 2004 ub
1119 1940 1401 2007 aestimandis

288 2047 350 2114 eis
366 2047 601 2132 codicibus,
621 2048 654 2112 in
677 2047 793 2130 quibus
809 2046 919 2111 nititur
942 2047 1033 2112 crisis
1050 2047 1269 2132 Propertiana
1299 2047 1402 2114 Lach-

286 2174 423 2220 mannus
447 2161 555 2220 autem
579 2175 651 2220 cum
679 2154 759 2220 artis
783 2153 913 2218 criticae
944 2153 978 2216 in
1000 2153 1169 2237 Propertio
1200 2155 1401 2220 exercendae

287 2259 531 2326 fundamentum
561 2261 647 2326 solos
671 2258 798 2325 codices
822 2260 1071 2345 Neapolitanum
1102 2266 1135 2324 et
1158 2258 1400 2344 Groninganum

286 2366 401 2431 merito
417 2367 554 2449 elegerit
570 2365 640 2452 (cfr.
649 2364 725 2430 edit.
733 2365 914 2450 Lipsiensis
930 2385 958 2430 a.
973 2371 1065 2431 1816.
1082 2365 1183 2450 praef.
1200 2388 1252 2451 pp.
1267 2366 1401 2452 IX.sq.),

286 2472 414 2558 inipso
438 2492 536 2556 opero
560 2469 747 2536 adornando
776 2471 919 2555 palmam
944 2470 1059 2536 detulit
1082 2471 1298 2556 Groningano.
1344 2471 1402 2539 sed

286 2597 390 2662 nuper
413 2583 487 2663 post
501 2577 678 2662 Hauptium
703 2575 770 2655 (cir.
794 2575 891 2641 index
908 2577 979 2641 lect.
995 2577 1100 2642 Berol.
1116 2579 1229 2644 aestiv.
1247 2599 1276 2643 a
1295 2583 1400 2659 1856.)

286 2682 522 2751 Heimrciohius
545 2691 668 2766 quaest.
692 2682 836 2767 Propert.
857 2704 910 2768 pp.
932 2687 957 2746 1.
981 2703 1050 2766 sqq.
1074 2682 1318 2766 Groninganum
1341 2704 1402 2750 nec

286 2789 482 2873 singularem
504 2810 582 2875 prae
604 2809 640 2855 se
663 2788 747 2854 terre
763 2789 920 2872 originem
942 2795 974 2852 et
997 2809 1018 2852 a
1033 2789 1101 2854 viro
1118 2789 1257 2872 quodam
1273 2787 1401 2855 indocto

285 2896 368 2963 adeo
390 2896 619 2982 interpolatum
643 2915 715 2961 esse
747 2894 924 2980 contendit,
955 2902 990 2960 ut
1018 2894 1286 2979 acquiescendum
1318 2915 1401 2961 nunc

286 3009 372 3068 esset
394 3002 427 3066 in
443 3000 507 3067 fide
535 3002 608 3067 libri
631 3001 848 3087 Neapolitani.
904 3021 1000 3084 quam
1032 3007 1138 3068 tamen
1165 3021 1310 3068 normam
1341 3021 1401 3067 nec

285 3107 526 3190 Eschenburgio
542 3106 610 3186 (cfr.
620 3107 780 3172 observat.
790 3106 1052 3192 critinPropert.
1062 3131 1092 3192 p.
1102 3113 1165 3189 23.)
1181 3128 1241 3172 nec
1257 3107 1399 3172 Luciano

285 3213 440 3279 Muellero
461 3212 527 3289 (cfr.
547 3213 750 3279 Fleckeiscni
773 3234 845 3277 ann.
861 3214 923 3278 vol.
940 3219 992 3279 91.
1009 3235 1039 3298 p.
1064 3218 1148 3292 781.)
1172 3234 1305 3299 prorsus
1327 3233 1400 3298 per-

284 3320 396 3386 suasit.
456 3319 514 3386 bos
535 3327 641 3386 autem
663 3320 749 3386 viros
780 3319 996 3386 Heimreicbio
1027 3320 1135 3386 verius
1165 3319 1207 3384 de
1238 3319 1399 3385 codicibus

284 3425 504 3511 Propertianis
525 3425 680 3492 iudicium
695 3426 808 3492 tulisse
832 3432 867 3491 ut
889 3427 1064 3512 evincatur,
1087 3447 1158 3492 cum
1181 3447 1244 3490 non
1268 3426 1329 3492 sim
1345 3445 1399 3491 ne·

249 3532 251 3535 ’
285 3531 369 3596 scius
385 3551 510 3597 omnem
528 3553 638 3597 eorum
647 3533 839 3598 varietatem
853 3531 1079 3598 excutiendam
1094 3553 1175 3617 esse,
1192 3539 1301 3598 lamen
1316 3553 1400 3598 nunc

284 3637 369 3701 intra
392 3637 465 3701 libri
490 3638 593 3720 quinti
615 3637 694 3703 fines
725 3659 777 3704 me
809 3638 986 3721 continebo,
1017 3639 1089 3703 aliis
1119 3637 1203 3703 hanc
1230 3639 1398 3705 materiem

283 3743 411 3828 plenius
427 3744 629 3808 tractandam
646 3744 823 3826 relicturus,
839 3744 872 3808 in
888 3763 953 3826 qna
966 3744 1096 3827 quidem
1113 3766 1184 3811 cum
1200 3745 1305 3810 fructu
1322 3746 1398 3829 quin

284 3850 386 3936 possit
410 3851 480 3933 quis
511 3849 693 3915 etiamnunc
716 3835 841 3915 versari
868 3871 931 3915 non
955 3849 1074 3916 dubito.
1118 3851 1278 3916 imminuit
1300 3852 1399 3936 igitur

284 3955 357 4019 libri
374 3955 575 4040 Groningani
597 3955 693 4020 fidem
710 3955 946 4022 Heimrciohius
968 3957 1103 4042 prolatis
1128 3957 1286 4023 eiusmodi
1309 3959 1398 4023 testi-

283 4063 397 4128 moniis
414 4063 618 4145 quibuscum
636 4071 667 4128 et
684 4062 818 4148 singulis
835 4063 967 4130 vocibus
984 4069 1015 4129 et
1023 4063 1169 4130 versibus
1186 4063 1238 4129 vel
1254 4062 1329 4129 totis
1346 4065 1399 4129 vel

285 4165 462 4234 dimidiatis
494 4169 719 4254 interpolatum
751 4169 944 4236 ostenderet.
997 4175 1095 4251 atque
1126 4168 1195 4234 eius
1226 4169 1397 4252 generiso

286 4272 396 4356 quinto
412 4294 540 4356 quoqne
555 4274 638 4339 libro
654 4275 734 4342 haec
751 4275 882 4361 excerpi
898 4281 1044 4360 possunt:
1073 4274 1111 4360 V,
1135 4281 1161 4359 l,
1178 4281 1342 4429 916*νοεινα
1357 4277 1396 4342 N.
