3192 5154
768 385 788 456 l

220 557 350 635 datione
367 565 515 656 exposita
531 570 571 636 de
595 570 788 636 emendandi
811 571 905 636 huius
926 571 999 634 libri
1021 571 1144 637 ratione
1167 571 1334 638 disseram.

217 683 284 740 tum
301 677 468 741 consilium
486 675 571 759 quod
587 675 620 740 in
636 675 686 741 his
702 677 897 741 carminibus
911 675 1141 761 componendis
1150 685 1277 744 secutus
1294 679 1335 743 sit

216 788 314 867 poeta
330 783 509 867 explicabo.
556 781 674 846 deinde
697 802 807 847 eorum
833 788 864 846 et
887 779 1113 864 dispositiones
1137 788 1169 847 et
1192 783 1334 848 rationes

216 887 395 973 strophicas
426 894 482 951 aut
512 887 670 969 exemplis
701 887 875 972 propositis
911 887 1079 952 illustrabo
1107 893 1163 951 aut
1192 889 1335 954 breviter

216 993 413 1077 significabo.
466 999 581 1078 postea
608 999 737 1078 tempus
766 1014 829 1075 quo
858 994 986 1076 singula
1018 994 1161 1058 carmina
1189 992 1335 1059 confecta

216 1099 387 1166 videantur
403 1099 584 1165 accuratius
600 1098 759 1164 definiam.
791 1098 930 1181 denique
946 1098 987 1164 de
1003 1099 1097 1165 huius
1113 1100 1186 1163 libri
1203 1106 1333 1165 auctore

217 1206 439 1288 quaestionem
462 1207 637 1271 instituam.
683 1206 847 1290 composui
871 1211 978 1270 antem
1002 1205 1087 1269 hunc
1109 1206 1253 1270 libellum
1269 1207 1333 1269 iarn

217 1312 355 1396 proximi
380 1312 454 1376 anni
472 1318 605 1395 aestate,
628 1318 663 1375 ut
687 1333 828 1378 summos
850 1312 884 1375 in
900 1310 1100 1396 philosophia
1120 1310 1257 1376 honores
1273 1313 1333 1376 rite

216 1418 424 1501 impetrarem
448 1438 489 1482 ex
513 1418 703 1482 anctoritate
727 1417 919 1502 amplissimi
935 1417 1196 1501 philosophorum
1212 1417 1245 1480 in
1261 1436 1333 1481 aca-

218 1523 327 1588 demia
351 1523 532 1589 Christiana
556 1511 723 1588 Albertina
746 1523 927 1589 Kilouiensi
956 1522 1086 1589 ordinis.
1133 1543 1238 1606 aquo
1262 1544 1333 1587 cum

217 1631 371 1714 probatus
387 1631 438 1713 sit,
453 1650 536 1694 nunc
553 1628 884 1695 cumsccundiseuris
897 1636 1107 1693 retractatum
1122 1629 1156 1692 in
1171 1629 1333 1711 publicum

217 1737 344 1818 emitto;
378 1756 537 1819 speroque
567 1735 635 1799 lore
665 1741 700 1798 ut
722 1742 965 1818 praeceptorum
991 1733 1225 1798 Kilouiensium
1254 1753 1334 1814 quos

217 1862 346 1927 semper
361 1843 416 1926 pia
432 1842 588 1907 memoria
604 1842 706 1905 colam
723 1840 895 1923 disciplina
918 1860 981 1903 non
1001 1838 1153 1922 indignus
1169 1838 1334 1905 habeatnr.

289 2018 418 2084 Dabam
433 2018 566 2103 Lipsiae
582 2037 611 2081 a.
627 2015 656 2080 d.
672 2016 742 2080 XV.
758 2016 825 2080 Gal.
847 2015 938 2080 Mart.
954 2037 982 2079 a.
999 2015 1262 2079 MDOOOLXIX.
