3192 5154
818 401 857 464 12

280 575 483 641 vocabulum.
528 595 634 659 neque
651 596 727 641 vero
744 576 869 660 palmas
885 575 1012 659 magnis
1027 575 1192 643 laboribus
1216 576 1269 642 vix
1285 597 1394 662 repor-

280 688 364 748 tatas
388 683 485 747 totius
508 682 687 748 sententiae
718 681 843 747 indoles
868 690 900 748 et
923 688 1039 747 natura
1058 681 1128 747 fert.
1176 681 1253 764 quid
1283 682 1394 748 enim?

280 789 459 872 quicunque
483 788 535 852 hie
563 788 710 872 loquitur,
742 788 811 854 sive
834 788 950 873 Apollo
975 789 1044 853 sive
1068 787 1271 874 horoscopus,
1298 809 1394 854 unam

281 901 402 959 oertam
418 894 561 979 puellam
577 914 636 979 pro
660 894 806 960 omnibus
830 912 912 977 quas
936 894 1001 959 iam
1025 893 1182 960 devicerit
1206 895 1394 980 Propertius

278 1019 399 1084 poenas
416 1007 616 1085 sumpturam
633 1017 706 1066 esse
722 1020 781 1066 sua
798 1020 878 1082 erga
893 1000 1030 1066 amioum
1051 1001 1204 1084 snperbia
1228 1007 1259 1065 et
1284 999 1394 1067 erude-

278 1105 370 1171 litate
391 1107 585 1191 pronuntiat.
638 1126 722 1190 quae
744 1105 895 1189 frequens
916 1113 966 1173 est
988 1113 1157 1191 poetarum
1179 1107 1394 1190 elegiaeornm

280 1211 456 1295 sententia5
485 1212 540 1277 ofr.
557 1212 702 1297 Propert.
717 1212 741 1296 Ι,
774 1218 821 1296 13,
843 1220 861 1276 5
880 1232 948 1296 sqq.
976 1213 1084 1295 >atqui
1107 1212 1256 1295 quidest
1279 1211 1391 1280 istud?

277 1337 362 1383 nova
378 1318 483 1382 amisa
501 1336 557 1384 eas
574 1317 701 1403 puellas
718 1317 885 1384 uleiseitur‘
896 1337 955 1384 sua
970 1318 1133 1402 superbia,
1154 1339 1290 1401 quarum
1306 1319 1392 1403 ipsa-

277 1445 347 1487 rum
364 1423 467 1489 lastus
483 1423 538 1490 vix
551 1425 717 1508 superavit
726 1423 845 1509 poeta?
877 1424 1004 1490 laeilem
1021 1445 1093 1491 eum
1102 1424 1143 1490 de
1151 1425 1216 1491 illis
1225 1425 1394 1491 viatorium

277 1537 461 1615 reportasse
482 1550 587 1595 nonne
612 1531 719 1614 potius
751 1529 922 1594 dieendum
954 1530 1046 1596 erat?
1102 1552 1180 1614 ergo
1201 1525 1272 1597 eum
1294 1537 1393 1596 totam

277 1637 469 1701 sententiam
486 1636 626 1720 simpliei
642 1641 744 1702 labore
763 1657 842 1702 voee
863 1637 981 1702 inverti
1004 1638 1168 1720 sensisset,
1191 1638 1342 1703 Heinsius
1360 1643 1394 1701 ut

277 1743 345 1807 eius
366 1742 452 1808 modi
469 1762 564 1824 quern
585 1741 838 1825 significavimus
860 1743 1057 1806 enuntiatum
1075 1742 1213 1825 elioeret,
1229 1743 1395 1827 proposuit

275 1855 385 1912 stataet
400 1853 508 1913 labore.
554 1853 662 1913 tamen
677 1849 747 1913 viro
769 1847 887 1912 eximio
902 1867 966 1912 non
989 1847 1158 1930 assentior,
1181 1848 1258 1930 quia
1282 1854 1313 1913 et
1336 1855 1394 1912 vte-

276 1961 363 2019 lrr'ees
381 1962 501 2034 palmos
521 1953 644 2038 expulit
669 1973 750 2036 quas
774 1953 856 2018 bene
880 1973 952 2019 sese
976 1953 1095 2019 habere
1120 1952 1260 2018 ostendit
1284 1954 1393 2018 Horat.

277 2061 370 2148 epist.
385 2061 410 2143 Ι,
430 2063 460 2145 3,
492 2063 534 2124 25
560 2066 592 2124 et
616 2058 740 2125 Seneea
763 2059 877 2142 Agara.
902 2064 965 2124 994
990 2080 1046 2144 sq,
1069 2079 1174 2141 neque
1198 2059 1392 2125 sententiam

275 2165 693 2251 satisperspiouameffeoit.
726 2185 821 2248 quam
831 2165 1041 2249 assequimur,
1058 2165 1086 2231 si
1099 2165 1226 2250 palmas
1235 2165 1393 2248 vietriees‚
1479 2213 1481 2219 -

275 2293 355 2354 quas
372 2291 457 2336 nova
475 2271 580 2336 amisa
596 2271 625 2336 ei
642 2277 795 2355 ereptura
811 2277 869 2355 est,
884 2277 981 2355 poeta
996 2260 1064 2355 per
1080 2290 1245 2336 amorem
1262 2273 1303 2338 ab
1321 2272 1393 2338 aliis

274 2377 390 2462 puellis
407 2377 469 2442 sibi
485 2397 620 2461 parasse
636 2376 759 2443 dieitur.
807 2397 885 2460 ergo
902 2377 983 2443 haee
999 2377 1171 2444 LABORll
1197 2378 1392 2444 mutabimus

273 2483 319 2548 ita
338 2471 513 2548 lAMORll.
544 2505 618 2550 nam
642 2505 723 2566 quas
739 2490 768 2548 ta
785 2506 886 2549 amore
902 2473 1029 2570 palmas
1049 2485 1178 2568 rettulit,
1195 2504 1251 2550 eas
1261 2485 1393 2550 eludere

273 2610 377 2656 novae
401 2591 525 2656 amitae
548 2591 702 2676 superbia
726 2597 813 2656 reete
829 2590 957 2655 'dieitur
1009 2596 1149 2656 aeterum
1173 2585 1196 2654 l.
1221 2592 1292 2657 visa
1308 2592 1343 2658 L.
1359 2598 1394 2655 ut

273 2696 311 2781 V,
334 2701 364 2782 2,
381 2701 422 2762 35
441 2704 502 2761 etas
524 2697 564 2762 N.
581 2706 660 2773 aaa
683 2707 713 2780 4,
733 2703 746 2760 1
766 2703 913 2777 Tarpeiae
935 2698 974 2761 N.
991 2703 1157 2776 Tarpelae;
1189 2703 1218 2779 5,
1242 2701 1283 2761 36
1308 2704 1393 2760 matis

273 2804 312 2868 N.
322 2802 359 2867 G.
376 2811 479 2879 malts;
495 2802 549 2867 eir.
566 2802 737 2868 Ribbeekii
751 2803 841 2887 proll.
860 2803 955 2884 Verg.
972 2825 1002 2886 p.
1020 2806 1099 2883 2463
1128 2809 1195 2866 tum
1211 2802 1253 2864 M.
1270 2802 1341 2867 visa
1357 2803 1391 2864 B.

274 2915 308 2973 ut
323 2910 361 2993 V,
375 2914 454 2993 8,15
474 2915 597 2988 oparata
612 2915 725 2972 mauras
740 2908 779 2973 N.
790 2907 827 2972 G.
839 2914 963 2989 Opalbta
977 2913 1015 2972 ab
1032 2913 1136 2984 aaats;
1152 2907 1206 2972 eir.
1222 2907 1392 3001 Ribbeekii

273 3016 365 3100 proll.
381 3015 479 3098 Verg.
496 3037 526 3099 p.
551 3019 623 3080 238.
648 3053 691 3060 -
715 3005 811 3080 simili
833 3015 865 3078 ni
887 3013 981 3079 fallor
1003 3015 1185 3099 eorruptela
1209 3014 1336 3078 laborat
1353 3015 1390 3097 V,

276 3127 324 3205 10,
341 3125 382 3184 42
399 3125 502 3186 nobilis
518 3128 620 3185 erectis
633 3127 763 3200 fundere
777 3143 871 3201 parra
886 3129 966 3200 rotis,
991 3141 1062 3185 oum
1084 3131 1201 3184 aeetae
1221 3141 1304 3203 quae
1330 3121 1393 3186 sint

270 3233 362 3292 vrotae
394 3226 551 3311 explicari
582 3227 710 3292 omnino
741 3247 805 3291 non
836 3227 945 3310 possit.
999 3226 1231 3308 Hertzbergius
1263 3225 1391 3308 seripsit

274 3325 406 3410 aream
430 3337 463 3396 at
486 3351 685 3424 magnopere
706 3333 766 3397 hoe
780 3333 944 3414 languere,
967 3331 1027 3395 nisi
1045 3328 1184 3395 addatur
1200 3330 1391 3396 vocabulum

274 3460 336 3522 quo
354 3439 487 3504 rectoris
504 3458 556 3503 ars
573 3436 732 3521 laudetur,
757 3438 828 3521 ipse
845 3436 996 3502 Caesaris
1012 3437 1101 3502 loeus
1117 3436 1158 3501 de
1175 3437 1205 3501 b.
1222 3435 1259 3500 G.
1276 3422 1331 3521 lV,
1349 3441 1389 3502 33

273 3545 375 3611 dooet.
406 3544 465 3610 sed
481 3545 550 3611 iure
566 3543 652 3609 idern
669 3543 816 3628 Lipsium
834 3565 850 3606 e
867 3550 947 3606 tectis
963 3541 1157 3608 scribentem
1174 3544 1266 3626 sequi
1282 3543 1390 3625 noluit,

274 3651 425 3734 quoniam
449 3650 528 3716 illud
553 3670 659 3733 neque
682 3650 747 3715 ullo
771 3650 954 3715 testimonio
978 3651 1090 3716 nititur
1120 3655 1152 3713 et
1175 3649 1257 3714 tales
1281 3667 1391 3713 eurrus

273 3757 426 3826 deseribit
441 3756 526 3822 unde
542 3777 644 3839 gaesa
659 3756 749 3821 fundi
773 3776 836 3821 non
852 3757 984 3841 possint.
1021 3755 1173 3821 Heinsius
1197 3773 1275 3819 vero
1297 3772 1391 3838 repo·

271 3863 377 3930 nendo
388 3874 512 3929 aeroas
526 3884 590 3928 non
606 3862 779 3946 falcigeros
795 3869 830 3927 ut
846 3863 956 3947 voluit,
972 3861 1030 3929 sed
1044 3881 1120 3927 aere
1129 3860 1267 3926 munitos
1285 3859 1392 3925 effeeit

273 3989 400 4053 eurrus3
438 3976 471 4034 at
497 3969 529 4034 hi
561 3977 693 4055 propter
713 3970 857 4055 ipsorum
881 3968 1006 4055 pondus
1030 3969 1135 4034 minus
1159 3965 1391 4033 aeeommodati

273 4083 365 4142 erant
381 4075 424 4140 ad
440 4095 513 4142 eam
529 4075 697 4162 pugnandi
713 4075 880 4159 rationem,
895 4075 929 4139 in
945 4095 1010 4158 qua
1026 4075 1171 4140 ourribus
1188 4071 1300 4140 Gallos
1317 4093 1391 4138 usos

273 4201 345 4247 esse
367 4181 488 4248 Caesar
508 4189 653 4248 testatur.
700 4179 742 4246 ad
766 4180 848 4246 hano
871 4186 979 4246 autem
1003 4181 1031 4247 si
1055 4181 1254 4265 respieimus,
1285 4198 1390 4244 nonne

273 4287 470 4371 eum-aliqua
485 4288 713 4373 probabilitate
730 4287 871 4354 seribere
887 4286 963 4352 lieet
985 4293 1126 4352 invectis?
1157 4286 1279 4352 Caesar
1306 4286 1391 4351 enim
