3224 5154
800 348 840 408 86

264 542 339 586 num
355 527 574 603 transgressos
583 517 754 585 devastata
769 518 876 584 Gallia
892 519 1066 603 equitatum
1076 519 1291 586 Romanorum
1304 520 1377 586 Lol-

263 629 405 711 liumque
436 626 634 713 praesentum
665 647 694 692 a.
719 630 782 693 738
814 633 881 708 (16)
905 647 1085 712 superasse,
1116 626 1174 695 sed
1205 627 1245 694 de
1276 628 1378 714 ipsius

264 736 402 820 Augusti
417 732 560 801 adventu
576 734 728 800 eertiores
745 734 845 801 faetos
862 733 1038 800 detreetato
1055 735 1177 820 proelio
1194 736 1227 800 in
1242 735 1377 802 deditio-

263 863 337 909 nem
353 843 491 909 venisse.
537 841 675 925 denique
699 842 789 908 addit
811 843 830 906 l.
847 843 928 927 LIV,
954 847 991 906 21
1018 841 1114 908 haee:
1138 821 1211 906 τῶν
1234 847 1296 923 μὲν
1319 831 1379 906 οὖν

265 943 379 1014 ὅπλων
396 943 491 1012 οὐδὲν
508 947 565 1012 διὰ
585 955 693 1012 ταῦτα
711 945 728 1011 ό
746 944 933 1030 Ἄυγουστος
956 947 1087 1032 ἐδεήθη,
1111 948 1155 1012 τά
1173 949 1214 1010 δὲ
1236 947 1274 1032 δὴ
1291 944 1377 1012 ἄλλα

264 1054 515 1138 καθιστάμενος
537 1054 657 1120 τοῦτόν
678 1079 715 1120 τε
737 1055 797 1120 τόν
817 1055 971 1119 ἐνιαυτόν
992 1053 1213 1119 κατανάλωσε
1238 1058 1297 1119 καλ
1318 1055 1378 1118 τὸν

263 1157 412 1248 ὕστερον,
441 1163 478 1225 ἐν
502 1151 526 1244 ᾧ
549 1161 692 1248 Μάρκος
720 1186 756 1224 τε
781 1165 899 1243 Λίβων
928 1164 985 1224 καὶ
1008 1161 1238 1247 Καλπούρνιος
1260 1167 1378 1226 Πλσων
1489 1212 1493 1219 .

263 1265 460 1334 ὑπάτευσαν
483 1270 515 1350 (i.
539 1291 565 1336 ε.
589 1290 618 1334 a.
640 1274 840 1350 739=15.).
886 1270 1000 1352 quibus
1025 1268 1160 1336 eifioitur
1183 1269 1377 1356 Sycambros

263 1377 334 1462 ipso
351 1396 377 1440 a
398 1379 460 1442 738
478 1381 546 1455 (16)
562 1374 624 1441 fine
642 1375 778 1461 domitos
802 1397 883 1442 esse.
929 1382 1027 1442 antea
1050 1382 1157 1443 autem
1179 1377 1272 1442 ludos
1287 1377 1377 1460 quin-

264 1483 438 1566 quennales
455 1483 633 1550 oelebratos
650 1503 730 1568 esse,
755 1482 840 1566 quod
860 1485 926 1548 'non
950 1483 1033 1567 fugit
1055 1483 1233 1550 Frankium
1256 1484 1290 1548 in
1305 1483 1376 1550 fast.

262 1590 373 1656 Horat.
397 1611 448 1675 pp.
475 1594 537 1654 207
561 1609 617 1674 sq,
638 1589 784 1656 eiusdem
807 1590 921 1656 Dionis
942 1598 1093 1656 aoeurata
1115 1591 1378 1676 interpretatione

262 1696 394 1782 probari
415 1701 529 1781 potest
575 1716 714 1778 namque
737 1702 907 1782 postquam
931 1698 950 1760 l.
967 1697 1049 1780 LIV,
1076 1702 1114 1762 19
1139 1697 1321 1780 Augustum
1344 1698 1378 1762 in

262 1801 402 1868 Galliam
427 1801 605 1884 proiectum
631 1821 703 1868 esse
727 1801 816 1887 dixit,
839 1804 1042 1888 paulopost:
1071 1805 1152 1887 πρὶν
1175 1803 1210 1866 δὲ
1230 1797 1249 1886 ἢ
1272 1798 1377 1888 aiono-

262 1911 400 1990 μᾶσθαι
416 1908 519 1991 inquit
534 1906 593 1972 τόν
615 1913 675 1971 τοῦ
690 1913 844 1994 Κυιρύνου
860 1908 945 1972 υαδν
968 1912 1179 1995 καθιέρωσεν
1203 1909 1239 1971 ἐκ
1263 1915 1377 1992 καινῆς

210 2080 217 2096 ,
264 2013 488 2098 οἰκοδομήσας
504 2020 579 2098 ete,
607 2015 725 2081 deinde
749 2017 795 2081 ita
818 2017 939 2100 pergit:
970 2016 1028 2078 καὶ
1044 2010 1128 2080 ούτω
1144 2016 1184 2080 τδ
1207 2020 1268 2098 μὲν
1293 2012 1377 2080 άστυ

263 2127 309 2204 τῷ
326 2119 446 2208 Ταύρῳ
462 2120 549 2202 μετά
564 2127 619 2204 τῆς
636 2117 736 2204 ἄλλης
752 2118 889 2195 Ἰταλίας
906 2123 1044 2213 διοικεῖν
1065 2123 1251 2211 ἐπιτρέψας
1273 2163 1318 2175 --
1333 2161 1376 2172 -

263 2227 322 2292 τόν
345 2229 381 2292 δὲ
398 2228 617 2314 δὴ·Τιβέριον
634 2232 752 2291 καίτοι
775 2235 1019 2314 στρατηγοῦντα
1043 2229 1257 2316 παραλαβών
1281 2229 1375 2315 ἐξόρ-

261 2351 375 2418 μησεν.
393 2373 434 2384 -
456 2373 498 2384 -
522 2333 728 2409 ἐξελθόντων
752 2329 781 2396 δ)
805 2324 863 2398 οὖν
888 2330 1056 2400 αὐτῶντὸ
1080 2343 1135 2420 τῆς
1152 2336 1304 2420 νεότητος
1320 2342 1376 2418 μέ-

261 2463 363 2527 γαρον
385 2436 451 2506 ὑπὸ
467 2439 525 2525 τὴν
541 2441 706 2506 ἐπιοῦσαν
728 2441 832 2506 νύκτα
856 2443 1050 2526 κατεκαύθη
1077 2447 1135 2507 καὶ
1153 2442 1210 2506 διά
1227 2468 1263 2506 τε
1278 2449 1376 2506 τοῦτο

262 2551 320 2610 καὶ
335 2546 392 2610 διά
407 2536 515 2610 τάλλα
532 2547 763 2634 προγενόμενα
780 2587 822 2596 -
838 2587 882 2596 -—
904 2543 1003 2628 εύχδς
1025 2545 1110 2635 ύπὲρ
1133 2556 1189 2633 τῆς
1206 2549 1377 2614 ἐπανόδου

260 2661 320 2718 τοῦ
335 2649 521 2736 λυγούστον
537 2655 752 2739 ἐποιήσαντο.
784 2650 849 2720 κάν
863 2657 968 2739 τούτῳ
986 2659 1044 2719 καὶ
1059 2663 1117 2740 τῆν
1132 2658 1386 2743 πενταετηρίδα

260 2768 315 2845 τῆς
340 2757 437 2848 άρχῇς
456 2757 569 2846 ιαὐτοῦ
592 2763 803 2848 διεωρτασαν
826 2769 885 2827 τοῦ
900 2758 1075 2849 Ἀγρίππου
1101 2801 1140 2814 -
1165 2803 1206 2812 -
1231 2763 1288 2828 διά
1312 2770 1378 2828 τῶν

261 2873 438 2955 συνιέρεωυ
459 2864 708 2943 διαλύσαντος.
740 2871 801 2936 hoo
816 2871 915 2954 igitur
930 2871 1248 2938 looodemonstratur
1264 2872 1377 2938 eodem

259 2983 406 3061 tempore
422 2970 500 3056 (κάν
514 2966 619 3058 τούτῳ
635 2983 671 3041 ut
685 2978 705 3042 l.
718 2976 800 3062 LIV,
817 2983 854 3060 53
879 2982 915 3060 8;
938 2979 1067 3058 tatuit.)
1084 2999 1146 3061 quo
1163 2986 1377 3064 propterpro-
1466 3061 1473 3076 1
1604 3049 1605 3066 γ

260 3081 391 3165 digiain
406 3082 478 3168 ipso
495 3084 583 3149 exitu
591 3084 746 3169 prineipis
757 3083 843 3149 faeta
858 3103 916 3177 pro
925 3083 1033 3150 reditu
1049 3085 1117 3152 eius
1135 3091 1210 3152 vota
1226 3089 1378 3168 surrepta

259 3196 341 3274 sunt,
356 3189 449 3256 ludos
461 3191 534 3257 ilios
547 3191 802 3274 quinquennales
814 3190 941 3258 habitos
954 3213 1035 3258 esse
1080 3197 1114 3258 at
1129 3191 1292 3274 aliquanto
1307 3198 1379 3277 post

259 3296 380 3362 exitum
395 3296 534 3379 Augusti
558 3298 712 3382 temporis
736 3297 842 3382 spatio
863 3298 1028 3364 interieeto
1046 3298 1242 3383 Syeambros
1265 3319 1377 3382 paoem

260 3409 294 3470 et
314 3401 429 3469 foedus
453 3403 589 3494 petiisse
612 3425 743 3488 prorsus
769 3411 890 3470 eertum
915 3411 972 3489 est,
997 3406 1148 3487 quoniam
1172 3405 1206 3470 id
1231 3422 1286 3472 eos
1310 3411 1378 3471 turn

259 3508 375 3576 ieoIsse
396 3509 460 3576 Dio
484 3511 503 3574 l.
527 3510 610 3596 LIV,
633 3514 675 3574 20
700 3517 844 3594 testatur,
877 3532 949 3577 eum
973 3512 1164 3595 Augustum
1178 3513 1211 3580 in
1235 3511 1376 3580 Galliam

260 3617 388 3684 venisse
420 3616 578 3685 adversus
608 3618 696 3702 ipsos
729 3618 968 3704 expeditionem
1001 3617 1160 3686 iacturum
1184 3620 1376 3704 aeoeperint.
1482 3679 1484 3686 ,

260 3743 338 3806 ergo
362 3722 457 3790 huius
480 3724 528 3790 rei
551 3725 670 3790 mentio
694 3723 763 3791 fieri
787 3727 884 3809 piane
907 3745 971 3792 non
986 3732 1093 3810 potest
1109 3727 1143 3791 iu
1157 3725 1218 3791 hoo
1234 3726 1378 3791 earmine

259 3850 322 3912 quo
338 3829 431 3896 ludos
447 3831 520 3898 illos
542 3833 742 3917 pronuntiari
764 3839 903 3898 censent.
948 3853 1088 3914 namque
1109 3832 1189 3898 haee
1213 3832 1320 3915 elegia
1336 3832 1378 3898 ad

258 3935 315 4002 hos
339 3936 432 4004 ludos
456 3937 643 4004 indieendos
668 3938 844 4022 eomposita
860 3959 934 4010 non
957 3945 1064 4024 potest
1087 3959 1150 4004 non
1167 3939 1262 4024 paulo
1279 3940 1378 4029 etiam

259 4048 334 4109 ante
349 4044 438 4128 ipsos
454 4045 599 4112 conferta
616 4065 697 4111 esse.
743 4045 801 4111 sed
818 4045 901 4110 hano
922 4051 956 4110 ut
972 4043 1377 4136 effugeretdiffioultatem,

258 4157 367 4233 posset
384 4152 456 4233 quis
473 4153 618 4220 eonieero
635 4150 766 4218 eosdem
782 4152 874 4216 ludos
890 4153 987 4218 etiam
1003 4156 1075 4236 post
1091 4173 1120 4216 a.
1137 4156 1200 4218 738
1211 4157 1278 4232 (16)
1296 4152 1377 4218 eele-

221 4241 222 4245 ¹
259 4257 368 4323 bretos
384 4259 483 4343 tangi,
498 4259 561 4324 nisi
578 4279 672 4335 earm.
690 4259 728 4343 V,
756 4265 790 4324 11
816 4258 928 4324 eodem
946 4258 1015 4326 fere
1030 4265 1176 4346 tempore
1191 4257 1286 4326 huius
1302 4259 1377 4326 iibri
