3224 5154
743 374 785 438 63

279 547 305 603 d.
318 546 433 604 Umbria
445 552 473 602 te
486 546 562 602 notis
575 546 691 616 antiqua
702 547 853 616 penatibus
866 546 925 602 edit

350 636 498 704 (mentioni
512 652 551 696 an
560 635 668 703 patriae
681 635 805 703 tangitur
819 651 870 690 ora
881 636 989 703 tusci),

313 741 368 794 qua
381 724 518 780 nebulosa
530 739 600 778 cavo
613 729 690 778 rorat
714 725 841 778 Mevania
854 739 952 792 eampo
987 769 992 776 .

352 819 381 868 et
393 813 470 868 lacus
482 813 598 868 aestivis
612 809 722 882 intepet
733 811 835 866 Umber
847 813 928 881 aquis
1050 883 1054 890 ι
1082 869 1085 876 ,

313 900 527 970 scandentisque
540 900 620 955 Asisi
633 899 778 968 consurgit
791 900 895 956 vertice
908 915 1012 968 murus,

348 1006 443 1044 murus
456 990 491 1044 ab
505 990 618 1058 ingenio
633 989 728 1047 notior
739 987 787 1043 ille
799 994 858 1042 tuo.
873 1015 906 1027 -
967 1031 971 1039 ,

312 1092 433 1146 ossaque
446 1078 539 1146 legisti
552 1093 609 1132 non
617 1077 670 1132 ,illa
682 1081 774 1134 aetate
787 1076 907 1145 legenda

350 1166 447 1234 patris,
461 1167 530 1221 etin
544 1172 643 1228 tenues
656 1166 766 1235 cogeris
778 1165 840 1234 ipse
854 1165 943 1220 lares:

311 1271 375 1309 nam
387 1260 437 1309 tua
449 1271 511 1310 eum
523 1255 602 1308 multi
614 1260 761 1310 versarent
773 1269 839 1308 rura
849 1251 970 1319 iuvenci,

347 1343 465 1398 abstulit
477 1343 603 1398 excultas
615 1343 724 1410 pertica
735 1342 828 1396 tristis
839 1357 918 1410 opes.

278 1481 303 1520 e.
315 1466 380 1519 lllox
394 1467 442 1524 ubi
456 1466 533 1521 bulla
546 1465 609 1518 rudi
623 1464 738 1518 dimissa
750 1469 795 1518 est
807 1479 892 1517 aurea
903 1463 986 1530 colle,

346 1555 444 1607 matris
457 1558 485 1608 et
497 1557 561 1618 ante
575 1554 644 1607 deos
656 1552 746 1606 libera
759 1557 870 1620 sumpta
883 1557 958 1620 toga,

312 1641 435 1694 tumtibi
449 1656 540 1709 pauca
549 1656 604 1696 sno
617 1639 653 1694 de
666 1639 788 1694 carmine
800 1640 888 1694 dietat
899 1638 1007 1707 Apollo

347 1736 377 1784 et
388 1734 467 1784 vetat
478 1728 677 1784 insanoverba
689 1734 786 1784 tenue
799 1728 861 1782 foro
877 1746 924 1780 -:
997 1747 1001 1750 ·
1083 1741 1093 1758 ·

311 1823 358 1886 „at
376 1823 408 1871 tu
425 1813 499 1885 finge
519 1818 622 1889 elegos,
641 1816 726 1870 fallax
746 1832 827 1885 opus,
847 1815 926 1881 (haec
944 1823 994 1871 tua
1005 1817 1107 1884 castra)

347 1906 452 1960 scribat
463 1911 495 1960 ut
507 1907 639 1975 exemplo
648 1910 741 1960 cetera
753 1905 836 1959 turba
848 1912 907 1959 tuo.

311 1994 438 2068 militiam
451 1993 571 2050 Veneris
583 1994 697 2050 blandis
707 1993 816 2062 patiere
836 1993 887 2052 sub
901 1991 984 2046 armis

346 2083 376 2138 et
387 2081 507 2137 Veneris
519 2083 615 2150 pueris
628 2082 706 2143 utilis
718 2081 813 2137 hostis
822 2081 885 2136 eris.
915 2074 923 2081 “
973 2144 975 2152 y

310 2171 352 2225 eil
367 2171 439 2226 benc
451 2187 513 2228 eum
525 2166 610 2230 fixum
623 2177 717 2226 mento
730 2169 894 2225 discusseris
908 2185 1017 2238 uncum,

345 2259 385 2312 nil
398 2259 452 2314 erit
464 2258 525 2327 hoc,
538 2264 630 2313 rostro
644 2261 672 2316 te
686 2264 794 2328 premet
805 2274 874 2312 ansa
887 2260 966 2312 suo.“

274 2380 292 2434 f.
312 2382 369 2435 lam
388 2382 440 2436 tibi
458 2381 596 2450 victrices,
616 2396 795 2451 quascunque
815 2382 955 2436 inaniore
974 2381 1089 2450 parasti,

346 2469 441 2524 eludet
453 2470 560 2538 palmas
573 2486 629 2524 una
641 2470 736 2538 puella
749 2474 812 2526 tuas
821 2489 835 2522 ε·
978 2529 981 2534 ,

310 2556 386 2611 illius
398 2557 514 2612 arbitrio
527 2563 636 2612 noctem
648 2559 792 2627 lucemque
803 2556 924 2624 ¹videbis,

345 2649 427 2714 gutta
439 2662 550 2715 quoque
564 2663 599 2700 ex
612 2642 700 2702 oeulis
714 2661 769 2700 non
783 2645 838 2698 nisi
851 2645 928 2700 iussa
940 2645 1029 2700 cadet.

313 2735 364 2790 nec'
376 2735 451 2789 mille
464 2736 598 2790 excubiae
612 2741 702 2789 necte
717 2735 827 2802 signata
838 2734 977 2791 iuvabunt

345 2821 455 2877 limina:
471 2838 622 2892 persuasae
631 2820 732 2878 ‘fallere
745 2822 815 2876 rima
828 2827 872 2876 sat
884 2827 935 2876 est.
949 2850 979 2860 -

311 2927 384 2968 nunc
397 2917 445 2966 tua
458 2911 504 2966 vel
516 2911 615 2965 mediis
627 2911 733 2980 puppis
746 2909 867 2966 luctetur
880 2909 910 2964 in
922 2909 1013 2978 undis,

271 3035 273 3042 ·
344 3001 391 3056 vel
403 3001 469 3057 licet
480 2999 595 3054 armatis
608 2998 699 3054 hostis
712 2999 825 3054 inermis
838 3015 894 3068 eas,

308 3089 354 3146 vel
366 3087 527 3143 tremefacta
541 3103 610 3142 cavo
624 3088 708 3143 tellus
721 3087 835 3142 diducat
847 3086 968 3142 hiatum:

344 3177 482 3245 octipedis
495 3177 588 3234 cancri
597 3182 680 3244 terga
692 3177 805 3230 sinistra
818 3175 892 3230 time.
922 3163 925 3170 ’

682 3389 841 3402 ιο-ιύ-ι--ι-

643 3586 794 3654 Carmen
810 3581 881 3653 ΙΙΙ.

214 3759 252 3815 Α.
314 3759 390 3814 llaec
402 3757 547 3814 Arethusa
559 3777 610 3821 sno
623 3760 709 3815 mittit
721 3761 852 3815 mandata
864 3764 996 3831 Lycotae,

345 3865 406 3902 eum
420 3848 525 3907 totiens
538 3849 622 3917 absis,
636 3850 660 3903 si
672 3856 755 3918 potes
769 3865 834 3906 esse
843 3865 929 3904 meus.

216 4008 248 4060 B.
267 4023 291 4061 a.
305 4008 391 4076 Siqua
404 4014 496 4063 tamen
510 4007 562 4062 tibi
575 4008 682 4074 lecturo
694 4025 760 4078 pars
773 4010 862 4067 oblita
875 4008 972 4076 deerit,

344 4095 412 4150 hacc
424 4097 479 4151 erit
491 4112 507 4151 e
520 4097 641 4152 lacrimis
653 4096 727 4152 lacta
739 4097 823 4152 litura
836 4098 921 4152 meis:

310 4188 359 4246 aut
371 4184 451 4253 siqua
464 4185 570 4240 incerto
583 4171 664 4242 fallet
682 4193 709 4241 te
722 4185 816 4241 littera
828 4191 928 4254 tractu,

325 4321 327 4326 .
346 4272 425 4342 signa
437 4290 515 4330 meae
529 4263 643 4330 dextrale
656 4275 710 4333 iam
722 4275 867 4340 morientis
880 4279 969 4332 erunt.
