3224 5154
729 1204 886 1328 Caput
916 1206 975 1304 V.

382 1479 483 1557 Quis
510 1479 609 1550 libri
634 1480 769 1564 quinti
795 1483 1059 1566 Propertiani
1089 1485 1144 1554 sit
1172 1488 1320 1556 auctor

734 1606 962 1691 quaeritur.

374 1873 770 1970 Restatutdiiudieemus
787 1902 1043 1985 libriquinti
1061 1905 1247 1969 earmina
1271 1905 1408 1984 omnia

291 2009 551 2095 aPropertio
568 2015 686 2076 certe
701 2029 791 2093 non,
807 2009 996 2076 fortasse
1013 2031 1033 2074 a
1049 2010 1245 2078 Passenno
1260 2012 1407 2097 Paullo,

291 2115 424 2180 Plinii
455 2116 631 2182 minoris
656 2116 847 2200 aequali,
872 2117 1117 2202 conseripta
1147 2137 1241 2184 osse
1272 2125 1407 2184 utrum

169 2247 174 2256 ·
290 2221 1407 2306 oertisargumentisdemonstraveritantemereoon-

290 2330 444 2396 ieoerit
471 2328 786 2396 Heimreiohius
815 2329 848 2394 in
879 2329 982 2415 symb.
1005 2329 1056 2416 ph.
1074 2331 1109 2396 Β.
1125 2353 1179 2416 pp.
1196 2336 1406 2408 674-679.

289 2436 378 2502 ouius
394 2434 525 2519 quidem
541 2435 744 2502 ratiocinatio
761 2435 937 2520 Hauptium
953 2457 1017 2502 non
1033 2435 1176 2523 adduxit,
1199 2439 1282 2520 utin
1298 2439 1405 2506 novis-

289 2543 372 2608 sima
388 2563 447 2610 sua
463 2542 604 2640 editione
619 2543 700 2610 haee
716 2542 877 2628 Propertii
892 2565 956 2612 non
972 2544 1174 2628 essealiquo
1195 2543 1290 2610 modo
1306 2544 1404 2630 signi-

288 2649 408 2716 fioaret.
885 2656 889 2664 '
1264 2651 1266 2658 '

376 2773 1000 2870 Etperseminimoprobabile
1017 2781 1083 2841 est
1106 2776 1403 2862 abinterpola-

288 2887 374 2947 tore
398 2881 590 2966 quodam,
614 2882 652 2948 si
677 2880 841 2966 quidem
857 2880 933 2946 ille
957 2881 1194 2948 utfalleret
1216 2883 1404 2950 lectores

288 2987 661 3074 egisseputandus
685 2988 754 3072 sit,
774 2987 1002 3074 Propertio
1026 2988 1099 3054 has
1125 2990 1403 3076 elegiassup-

287 3095 450 3180 positas
467 3115 569 3161 esse.
600 3115 676 3158 nam
685 3093 740 3177 qui
749 3099 876 3178 poterat
890 3095 945 3160 ille
955 3095 1128 3161 leotoribus
1136 3116 1172 3162 se
1181 3097 1403 3181 impositurum

288 3221 360 3267 esse
376 3191 511 3287 sperare
533 3200 685 3267 eonfeotis
709 3200 850 3267 maxime
874 3202 988 3285 elegiis
1011 3202 1251 3288 topographiois
1275 3209 1308 3269 et
1323 3204 1403 3270 anti-

288 3308 409 3391 quariis
418 3307 471 3372 vel
485 3307 624 3392 epistula
633 3308 769 3392 poetica,
786 3307 1191 3391 quibusnunquamverum
1200 3309 1403 3392 Propertium

287 3435 420 3500 operam
437 3412 566 3479 dedisse
583 3419 633 3479 sat
649 3414 740 3479 multi
756 3415 891 3482 scivisse
916 3413 1069 3479 censendi
1085 3414 1180 3480 sunt?
1219 3416 1317 3482 tutius
1334 3423 1403 3482 erat

287 3519 508 3606 interpolatori
533 3520 648 3604 elegiis
673 3522 849 3606 amatoriis,
874 3520 989 3604 quibus
1013 3525 1106 3588 notus
1123 3529 1192 3587 erat
1207 3543 1303 3588 verus
1327 3523 1403 3588 Pro-

287 3627 419 3712 pertius,
436 3624 606 3711 cynthiam
631 3636 770 3694 eantare.
817 3632 989 3710 praeterea
1010 3647 1086 3692 num
1101 3634 1167 3693 tam
1183 3630 1403 3716 impudentem

286 3732 386 3799 luisse
402 3732 492 3796 illum
501 3733 623 3818 eredes,
639 3740 673 3799 ut
681 3754 782 3820 opera
790 3754 853 3798 non
862 3733 1010 3800 absoluta
1017 3733 1107 3801 volut
1122 3735 1330 3820 periegesoos
1346 3737 1403 3802 illa

287 3839 471 3922 fragmenta
494 3847 525 3905 et
550 3861 647 3906 earm.
671 3841 709 3924 V,
745 3845 780 3904 11
808 3839 955 3905 emittere
979 3838 1138 3906 auderet?
1184 3861 1224 3906 an
1248 3843 1402 3927 impostor

285 3947 381 4012 nimis
391 3946 617 4014 callidushaeo
632 3949 666 4012 in
675 3953 791 4032 poetae
805 3946 929 4012 seriniis
945 3946 1135 4032 imperfeota
1150 3969 1222 4014 sese
1238 3947 1402 4015 invenisse

286 4054 489 4120 enuntiavit?
521 4062 681 4135 uteunque
697 4052 780 4118 hane
790 4052 1010 4120 difficultatem
1020 4054 1164 4138 effugere
1182 4053 1301 4138 studes,
1317 4051 1402 4120 alia'e

286 4161 486 4226 coniecturae
511 4161 583 4226 aliis
600 4161 711 4242 eisque
731 4161 818 4226 nullo
835 4158 1043 4226 fundamento
1059 4161 1172 4228 innisis
1190 4160 1402 4226 cumulandae

284 4267 346 4340 tibi¹
359 4273 440 4334 sunt.
485 4287 625 4350 namque
640 4266 824 4334 Passennus
841 4266 982 4352 Paullus,
1006 4267 1061 4351 qui
1084 4273 1118 4332 ut
1140 4274 1290 4350 municeps
1305 4273 1337 4334 et
1353 4289 1400 4332 so-
