3192 5154
803 381 822 444 7

253 579 349 642 quem
366 551 436 624 oum
452 557 491 622 N.
500 578 700 624 communem
718 557 814 622 habet
830 557 902 643 ipso
911 556 1092 643 descriptus
1100 577 1164 622 non
1173 563 1230 641 est,
1245 557 1370 642 possint

251 665 515 749 interpolationes
545 665 661 747 quibus
684 664 863 729 maculatus
886 669 939 729 est·
959 663 1126 748 profectae
1158 683 1231 729 esse
1258 683 1279 727 a
1302 685 1368 728 eor-

252 775 376 835 rectore
392 769 534 852 quodam
546 777 676 836 versato
693 771 748 836 illo
772 770 806 834 in
821 769 903 834 libro
919 769 1028 851 aliquo
1048 768 1104 852 qui
1118 768 1202 834 inter
1218 769 1367 854 arehety·

252 897 329 960 pum
350 883 383 940 et
411 875 518 960 ipsum
541 873 580 940 Gr.
603 876 811 961 interpositus
835 875 885 940 sit.
931 894 1016 958 quae
1046 881 1155 939 tamen
1185 876 1369 940 oonieetura

252 979 409 1047 refellitur
424 981 554 1048 minutis
571 981 618 1047 eis
633 981 823 1067 corruptelis
838 1000 922 1064 quae
939 979 1069 1046 nuqu.
1085 987 1117 1046 et
1133 981 1173 1044 N.
1181 1001 1367 1048 eommunes

252 1094 342 1168 sunt;
369 1086 442 1152 illas
458 1087 543 1153 enim
559 1108 630 1152 oum
646 1094 805 1154 eorreotor
821 1088 882 1154 iste
898 1086 1020 1152 doetior
1035 1087 1069 1150 in
1084 1087 1265 1173 exemplari
1282 1085 1367 1153 unde

251 1192 432 1278 descriptus
448 1200 497 1258 est
505 1191 543 1258 G.
550 1193 621 1260 sine
636 1193 734 1260 dubio
747 1201 780 1260 ot
794 1194 885 1278 ipsas
901 1193 1090 1276 sustulisset,
1105 1193 1231 1258 nunein
1241 1193 1309 1260 solo
1318 1193 1367 1276 N,

251 1319 315 1364 non
330 1299 364 1364 in
379 1297 418 1364 G.
430 1299 657 1365 inveniremus.
687 1318 772 1382 quae
788 1319 861 1364 eum
876 1299 923 1364 ita
938 1299 1010 1382 sint,
1025 1305 1127 1366 restat
1142 1305 1177 1364 ut
1189 1305 1221 1364 et
1235 1298 1273 1363 G.
1282 1307 1314 1365 et
1329 1299 1368 1363 N.

251 1412 420 1488 utrumque
437 1424 478 1470 ex
494 1404 608 1471 eodem
624 1405 800 1490 arohetypo
817 1425 920 1488 eoque
942 1406 1044 1472 variis
1064 1405 1255 1472 eonieeturis
1271 1406 1368 1470 inter-

252 1510 468 1596 polationibus
483 1510 779 1595 interpretamentis
794 1510 897 1586 obsito
904 1511 1103 1596 interpositis
1112 1511 1185 1576 aliis
1193 1510 1284 1577 libris
1293 1510 1368 1576 duo-

251 1625 318 1682 tum
334 1616 487 1699 dieamus,
510 1614 568 1681 sed
591 1615 637 1682 ita
660 1623 695 1681 ut
716 1616 745 1683 is
769 1616 919 1684 librarius
943 1617 1032 1683 ouius
1056 1638 1138 1702 opus
1161 1617 1313 1702 repetivit
1330 1616 1368 1682 G.

251 1723 397 1808 pluribus
413 1722 492 1788 loeis
509 1742 604 1804 quam
621 1722 704 1788 alter
720 1743 815 1806 quem
839 1729 966 1789 secutus
990 1732 1040 1789 est
1056 1724 1095 1788 N.
1119 1723 1319 1788 oonieeturas
1336 1730 1369 1790 et

251 1829 514 1915 interpolationes
536 1829 703 1913 reoeperit
751 1835 783 1896 et
814 1829 888 1894 hino
918 1827 1049 1911 quidem
1081 1829 1163 1894 bene
1188 1829 1368 1914 explieatnr

251 1935 337 2019 quod
353 1933 588 2000 Heimreiohius
608 1942 733 2017 quaest.
757 1934 904 2018 Propert.
920 1957 951 2020 p.
969 1941 988 2000 4
1004 1933 1048 1999 ad
1062 1935 1120 2019 ΙΙΙ,
1144 1939 1196 2018 26,
1223 1940 1262 2000 19
1280 1935 1313 2000 in
1329 1935 1368 2000 G.

250 2040 366 2108 eadem
382 2061 480 2106 manu
494 2039 693 2126 adscriptum
717 2040 817 2107 refert
838 2046 908 2106 olii:
925 2051 1027 2125 ponto,
1051 2039 1201 2123 quodque
1224 2041 1257 2106 in
1273 2042 1312 2106 N.
1329 2041 1368 2106 G.

251 2149 288 2231 V,
308 2155 327 2212 5
344 2153 420 2212 ante
435 2168 465 2212 v.
482 2153 523 2212 55
540 2153 672 2232 propter
689 2146 788 2212 Coam
804 2153 928 2213 vestem
944 2139 1075 2231 repetiti
1090 2153 1165 2211 sunt
1180 2167 1221 2212 ex
1238 2147 1262 2230 Ι,
1286 2153 1367 2213 2vv.

254 2262 280 2337 1,
297 2259 327 2317 2.
372 2274 453 2337 quos
469 2253 538 2318 iure
554 2254 724 2320 eieoerunt
770 2254 889 2320 namsi
905 2254 980 2319 lena
994 2253 1128 2318 irrisura
1144 2259 1214 2318 erat
1229 2253 1366 2338 Proper·

249 2359 339 2443 tium,
358 2367 393 2424 ut
412 2359 536 2425 Jaoobo
552 2359 830 2442 Hertzbergioque
846 2359 982 2443 ridetur,
1010 2358 1117 2443 potius
1140 2360 1229 2424 velut
1244 2361 1301 2443 ΙΙΙ,
1328 2365 1367 2426 16

250 2487 302 2532 vv.
315 2472 352 2530 15
369 2486 439 2548 sqq.
454 2466 570 2548 quibus
587 2486 702 2531 revera
718 2466 843 2530 amieae
859 2486 918 2552 pro
928 2465 1065 2550 peounia
1078 2485 1191 2532 versus
1200 2463 1256 2528 dat
1264 2472 1369 2550 poeta,

248 2571 405 2637 laudabat
427 2591 524 2654 quam
547 2571 605 2637 hos
628 2571 684 2655 qui
706 2571 868 2636 luxuriam
891 2577 1003 2636 notant
1031 2571 1212 2636 mulierum.
1257 2571 1369 2653 itaque

249 2678 451 2762 Groningani
481 2677 707 2763 posthabenda
730 2685 779 2746 est
809 2678 985 2746 auotoritas
1016 2676 1232 2760 Neapolitano
1263 2696 1379 2770 neque

249 2793 359 2851 tamen
373 2805 504 2870 prorsus
521 2784 700 2850 abicienda.
1377 2780 1382 2786 ’

337 2893 407 2956 Iam
428 2912 506 2957 vero
523 2912 564 2956 ex
577 2891 756 2977 archetypo
773 2898 840 2956 tam
856 2897 1005 2976 corrupto
1021 2889 1130 2955 omnia
1145 2895 1368 2976 corrupte·

248 2996 378 3062 larum
394 3017 552 3080 genera
567 2998 682 3080 quibus
691 2997 816 3063 soleant
824 2996 953 3062 obnoxii
967 3016 1039 3064 esse
1053 2995 1181 3062 oodioes
1196 2995 1369 3062 innostros

250 3122 376 3184 quoque
393 3109 428 3166 ut
445 3108 695 3168 consentaneum
711 3113 761 3168 est
776 3109 960 3187 propagata
977 3122 1048 3168 esse
1073 3102 1185 3186 paneis
1210 3103 1369 3188 exemplis

249 3208 427 3274 illustrabo.
445 3245 488 3254 —
510 3228 574 3292 age
591 3229 679 3292 vero,
703 3209 843 3294 primum
859 3209 1050 3292 singulas
1072 3228 1199 3274 voees
1215 3207 1367 3293 depra-

248 3323 366 3382 vatas
387 3315 604 3381 emendemus.
650 3336 786 3398 quarum
810 3337 882 3382 eum
905 3316 1018 3382 variae
1043 3314 1196 3381 eveniant
1217 3316 1369 3401 rationes,

248 3441 313 3484 uua
333 3428 382 3486 est
396 3442 462 3504 qua
478 3423 599 3488 similes
623 3423 750 3488 litterae
767 3422 817 3488 bis
838 3420 1023 3489 exorandae
1039 3422 1141 3488 semel
1165 3428 1288 3487 tantum
1312 3423 1367 3488 de-

247 3526 354 3611 pietae
374 3535 455 3592 sunt.
500 3529 547 3592 ita
567 3535 697 3594 exstant
719 3530 754 3593 in
773 3529 814 3594 N.
834 3528 872 3594 G.
896 3530 934 3614 V,
961 3534 987 3611 1,
1009 3533 1051 3594 33
1068 3528 1150 3594 haee
1166 3527 1367 3594 URBEVlO·

248 3633 334 3696 LAE
353 3654 411 3718 pro
428 3631 478 3700 his
494 3633 838 3719 URBEBOVILLAE,
853 3641 920 3698 tum
942 3633 976 3698 in
995 3633 1036 3698 N.
1052 3632 1090 3718 V,
1114 3638 1144 3718 3,
1172 3640 1184 3698 1
1212 3633 1272 3700 hoo
1293 3635 1368 3700 HA·

247 3738 450 3804 RETHUSA
467 3760 526 3824 pro
535 3739 584 3804 his
598 3737 713 3804 HAEC
728 3739 970 3806 ARETHUSA.
998 3739 1210 3824 similiterque
1225 3740 1264 3824 V,
1283 3748 1310 3826 1,
1328 3747 1367 3807 19

248 3866 319 3911 eum
349 3867 407 3931 pro
436 3845 484 3912 eis
515 3865 599 3928 quae
630 3867 755 3913 summo
782 3846 852 3912 iure
875 3847 1020 3933 reposuit
1041 3846 1270 3914 Lachmannus
1292 3847 1368 3912 AN·

247 3950 597 4020 NUAATACCENSO
614 3952 696 4020 haee
719 3953 839 4038 seripta
864 3961 973 4020 essent
987 3953 1142 4020 ANNUA
1162 3951 1369 4038 ACCENSO,

248 4063 362 4140 postea
384 4065 419 4122 ut
441 4078 555 4126 versus
579 4065 680 4125 staret
702 4059 897 4144 interpolata
920 4067 970 4126 est
993 4082 1050 4140 que
1075 4059 1242 4144 particula.
1288 4059 1368 4126 haee

248 4167 356 4225 autem
373 4166 524 4249 exempla
540 4173 667 4232 secutus
683 4166 895 4232 sueenrrerim
904 4167 941 4250 V,
956 4171 985 4250 2,
1001 4171 1061 4232 39:
1082 4164 1367 4248 ubiquaeeodioes

249 4266 402 4333 exhibent
411 4282 567 4350 pastorem
582 4279 626 4336 od
637 4276 772 4338 hoamen
780 4293 903 4354 possum
918 4291 1027 4335 eruore
1042 4270 1121 4335 satis
1138 4270 1296 4356 explicari
1311 4272 1367 4338 vix
