3192 5154
822 387 864 451 38

425 577 495 627 oum
509 569 579 646 milti
593 570 674 642 qao?
707 569 814 626 Poenis
829 567 879 625 tibi
886 584 1028 644 purpura
1040 569 1158 642 ftthem
1174 569 1260 628 ostra

500 677 714 752 crystallusque
727 691 809 734 meas
824 681 907 734 ornet
922 691 1036 750 aquosa
1050 670 1180 734 muuus‘l

286 779 405 862 quippe
422 777 477 859 qui
492 799 561 841 uam
584 776 744 860 particula
758 775 937 860 incipiant?
983 778 1011 842 si
1033 767 1216 862 probamus,
1240 785 1275 843 ut
1298 779 1399 862 decet,

286 885 492 968 Neapolitani
515 885 548 947 in
571 907 600 949 v.
618 887 658 948 52
683 885 874 968 scripturam
896 907 978 949 oues
1001 873 1228 966 (ciudaoobus
1245 885 1286 950 ad
1301 885 1399 968 ha),

286 989 1115 1076 „eurmihi“inquitArethusa„omamentainduam‘l
1139 997 1400 1075 nonmeaoairsa,

286 1092 344 1164 sed
360 1103 395 1161 ut
410 1097 467 1163 tibi
488 1097 636 1181 placeam
650 1117 834 1162 omareme
851 1098 964 1163 sole0“.
995 1097 1075 1163 haec
1097 1105 1205 1163 tamen
1225 1097 1399 1163 enuntiatio

285 1210 322 1268 ut
344 1202 568 1288 praecedentis
596 1202 723 1298 distichi¹
745 1224 891 1298 normam
913 1189 1084 1288 oodfirmet⁷
1107 1211 1230 1270 tantum
1254 1205 1347 1271 abest
1368 1209 1400 1268 ut

286 1331 349 1374 non
373 1310 475 1393 possit
496 1331 560 1377 non
583 1326 715 1376 oausam
736 1312 813 1376 olim
836 1312 983 1377 attulisse
1007 1333 1062 1377 eur
1083 1311 1244 1377 Arethusa
1267 1311 1400 1378 absente

286 1416 400 1482 marito
416 1435 452 1482 se
468 1413 607 1482 sordidis
617 1417 761 1482 vestibus
776 1417 921 1483 indutam
946 1419 1040 1502 quasi
1056 1419 1202 1484 maerere
1219 1423 1334 1502 questa
1349 1419 1399 1483 sit.

287 1524 356 1589 eius
372 1523 471 1607 igitur
493 1524 623 1606 generis
647 1517 771 1606 aliquot
792 1544 905 1592 versus
930 1532 1010 1591 anto
1027 1547 1055 1590 v.
1073 1531 1111 1590 51
1129 1513 1294 1609 deperditi
1318 1531 1399 1604 sunt,

285 1629 348 1695 nisi
363 1651 433 1694 uam
447 1630 605 1714 particula
628 1649 706 1695 sano
728 1651 824 1697 sensu
840 1652 970 1716 prorsus
986 1651 1097 1698 carere
1113 1631 1328 1697 existimanda
1344 1637 1400 1698 ost

287 1735 346 1802 sed
362 1736 554 1801 etiamsiita
576 1737 753 1803 sententias
777 1738 952 1821 explemus,
974 1744 1082 1801 tamen
1106 1755 1157 1802 vv.
1174 1741 1215 1803 49
1233 1757 1279 1820 sq.
1295 1757 1401 1819 neque

287 1824 359 1906 hum
382 1841 647 1909 antecedentibus
676 1863 782 1934 neque
814 1865 886 1930 oum
917 1843 1124 1926 sequentihus
1147 1844 1295 1910 versibus
1316 1843 1401 1909 iusto

286 1967 372 2012 nexu
388 1947 567 2013 cohaerent.
598 1949 676 2031 quid
692 1950 778 2029 enim
793 1950 875 2016 hanc
892 1950 1149 2016 observationem
1169 1941 1237 2016 'tam
1253 1940 1412 2032 generali.

287 2054 446 2118 sententia
461 2055 617 2137 prolatam
634 2055 686 2120 hio
699 2037 829 2122 intrusit
841 2055 976 2122 auctor?
1000 2076 1083 2138 quae
1100 2063 1167 2141 tqm
1183 2056 1312 2121 demum
1330 2077 1400 2121 eum
1450 2097 1454 2106 -

287 2181 337 2224 vv.
355 2164 396 2223 43
414 2181 483 2243 sqq.
499 2161 581 2227 bene
598 2162 807 2246 coniungiturj
823 2163 851 2228 si
867 2161 1027 2232 Arethusa
1051 2179 1086 2252 se
1102 2169 1233 2247 propter
1248 2183 1400 2244 magnum

287 2263 431 2348 coniugis
447 2288 589 2333 amorem
606 2278 668 2345 (vv.
684 2272 726 2334 49
743 2272 802 2350 sq.)
818 2267 945 2334 facilius
967 2262 1144 2336 castrorum
1166 2269 1309 2352 pericula
1324 2269 1400 2333 tole-

288 2379 430 2437 raturam
451 2394 533 2458 esse,
555 2375 601 2458 ad
620 2375 708 2440 bella
730 2375 819 2439 illam
843 2381 994 2460 secutam,
1017 2375 1146 2444 disertio
1170 2365 1279 2441 v'erbis
1302 2374 1402 2444 addit.

288 2480 399 2562 itaquo
429 2486 500 2563 post
530 2502 559 2546 v.
585 2487 625 2546 50
649 2480 778 2548 omissis
802 2481 925 2565 aliquot
948 2483 1096 2549 versibus
1120 2482 1180 2548 hoo
1204 2481 1402 2547 enuntiatum

287 2585 437 2652 haustum
461 2593 518 2654 est.
565 2593 596 2653 et
620 2586 701 2653 haec
724 2588 857 2672 quidem.
870 2588 1024 2656 hactenus
1047 2589 1088 2656 de
1111 2611 1163 2655 vv.
1188 2585 1401 2671 4961166611-

288 2693 398 2758 tentiis
421 2687 598 2777 explendis.
644 2694 721 2777 quid
745 2695 848 2762 veru?
878 2717 954 2761 nurn
973 2680 1037 2764 ''vel
1065 2695 1220 2762 restitutis
1245 2693 1402 2760 eiusmodi

288 2799 434 2866 versibus
458 2821 508 2865 vv.
525 2803 674 2868 43-59
696 2800 778 2867 hane
801 2802 913 2868 sedem
930 2801 1073 2888 obtinere
1090 2799 1249 2886 possunt?
1278 2801 1402 2866 tristem

288 2923 380 2972 suam
403 2905 438 2972 in
456 2905 596 2972 'desertis
621 2903 756 2973 aedibus
780 2928 851 2974 oum
872 2909 983 2992 paucis
1004 2909 1172 2980 'comitibus
1189 2908 1328 2974 maxime
1344 2927 1402 2990 per

288 3017 396 3078 noetes
412 3012 513 3077 vitam
529 2999 580 3077 vv.
596 3017 637 3078 29
649 3017 740 3077 -42
757 3014 1103 3097 describit-Arethusa;
1130 3015 1331 3080 continuatur
1347 3034 1401 3078 au-

288 3124 353 3183 tem
368 3117 482 3184 harum
499 3138 606 3186 rerum
623 3121 783 3186 enarratio
799 3143 850 3188 vv.
868 3127 908 3186 51
926 3139 995 3204 sqq.
1034 3127 1068 3185 at
1084 3122 1232 3188 versibus
1249 3121 1304 3204 qui
1320 3120 1403 3184 inter

290 3227 440 3305 utrosque
456 3223 566 3320 medii·
579 3230 652 3290 sunt
675 3232 764 3310 optat
783 3222 900 3312 puella,
923 3235 958 3294 ut
979 3228 1083 3297 altera
1111 3227 1203 3310 quasi
1226 3227 1402 3310 Hippolyte

288 3329 440 3394 maritum
464 3330 498 3393 in
514 3330 600 3396 bella
616 3331 762 3410 comitari
785 3334 889 3416 possit
912 3334 1190 3416 quorum'labores
1206 3349 1315 3398 amore
1337 3331 1400 3396 sibi

290 3436 450 3501 dulciores
473 3435 544 3500 fieri
568 3437 657 3502 sciat.
702 3437 736 3502 hi
768 3439 871 3522 igitur
895 3439 975 3504 nihil
997 3441 1059 3507 huc
1091 3441 1259 3524 portinent.
1297 3449 1402 3521 neque

228 3625 236 3632 .
289 3563 366 3608 vero
381 3542 463 3607 haec
486 3541 718 3610 inconcinnitas
735 3545 856 3610 tollitur
871 3568 920 3612 vv.
939 3553 980 3612 50
992 3583 1031 3594 -
1042 3552 1083 3612 56
1107 3554 1181 3612 ante
1197 3568 1226 3611 v.
1243 3551 1284 3609 43
1301 3551 1402 3609 trans-

288 3649 372 3733 latis,
389 3649 540 3731 quoniam
556 3669 597 3714 ne
613 3671 663 3715 vv.
674 3657 714 3715 57
729 3673 798 3734 sqq.
814 3653 947 3736 quidem
961 3654 1002 3718 ab
1019 3654 1084 3718 illis
1100 3650 1246 3737 separari
1261 3653 1402 3735 possunt.

289 3755 346 3821 sed
363 3755 566 3823 coniunctum
583 3763 632 3822 est
647 3757 845 3824 illudvotum
862 3781 960 3842 quam
973 3759 1158 3831 ,arctissime
1174 3777 1245 3846 oum
1261 3755 1310 3820 eis
1326 3773 1402 3835 que-

289 3860 378 3926 rellis
403 3881 483 3943 quas
507 3860 548 3931 de
571 3863 678 3931 mariti
703 3865 852 3946 absentia
867 3866 1006 3948 'legimus
1030 3885 1079 3929 vv.
1105 3867 1122 3926 7
1142 3899 1184 3908 -
1201 3866 1251 3948 29.
1298 3859 1402 3942 quid?

290 3965 376 4050 quod
392 3989 419 4032 v.
429 3971 470 4032 29
484 3969 535 4034 oui
551 3969 683 4037 tandem
700 3981 731 4036 ot
745 3979 815 4036 milri
830 3972 938 4046 verbis
955 3973 1134 4052 opponatur
1143 3965 1303 4058 Arethusa
1319 3987 1402 4032 nuno

289 4095 352 4142 non
367 4075 567 4158 perspicitur.
613 4077 704 4159 atqui
724 4097 822 4142 nemo
839 4087 902 4140 non
922 4075 1020 4141 sentit
1034 4073 1214 4138 Arethusae
1239 4083 1323 4154 quae
1348 4071 1403 4137 de·

289 4188 410 4248 sertum
426 4181 601 4252 thalamum
626 4183 772 4267 deploret
794 4188 855 4260 (vv.
874 4186 914 4245 29
939 4184 1020 4261 sqq.)
1046 4177 1184 4244 eandem
1209 4179 1401 4243 contrariam

290 4307 370 4373 esse,
386 4290 414 4355 si
431 4289 773 4374 coniugem-adversus
780 4285 917 4351 Parthos
934 4291 1043 4350 secuta
1059 4285 1401 4368 fe1·atur(vv.43'sqq.).
