3224 5154
810 414 850 476 84

320 613 348 658 a.
368 597 431 658 724
449 596 516 673 (30)
533 610 634 674 usquo
658 588 702 655 ad
720 587 863 654 medium
885 608 914 652 a.
937 592 1000 654 720
1018 589 1086 669 (28)
1103 585 1262 673 Cynthiae
1278 605 1388 652 amore

533 687 719 785 tenebam

318 825 347 870 0.
365 808 428 870 726
445 807 513 885 (28)
530 823 632 886 usque
653 802 695 868 ad
711 824 739 868 a.
758 805 819 867 727
837 805 906 883 (27)
922 799 1064 866 medium
1082 822 1102 864 a
1118 797 1259 884 Cynthia
1275 799 1388 884 pulsus

530 918 616 993 erat3

319 1039 347 1083 a
365 1022 427 1083 727
446 1022 513 1096 (27)
530 1016 636 1083 medio
653 1016 707 1080 lib.
723 1017 738 1080 1
755 1015 858 1081 edidit
873 1014 1034 1099 prioribus
1051 1013 1144 1079 annis
1167 1013 1321 1097 seriptum
1346 1013 1388 1078 si-

530 1123 661 1206 mulque
676 1122 732 1186 lib.
744 1123 777 1186 11
791 1127 823 1186 01
837 1122 885 1185 III
901 1127 1091 1205 recuperata
1108 1119 1265 1204 Cynthiae
1281 1119 1389 1202 gratia

531 1229 673 1296 scribere
688 1228 794 1312 coepit
802 1246 810 1309 3
987 1223 990 1229 ’

318 1359 346 1403 a.
364 1341 427 1403 720
445 1341 511 1416 (25)
528 1337 583 1402 lib.
599 1337 631 1400 Il
648 1342 680 1401 et
695 1335 743 1400 Ill
760 1334 878 1418 edidit;
1002 1413 1007 1424 ¹

319 1465 347 1508 0.
365 1448 428 1510 730
445 1448 513 1524 (24)
530 1443 585 1509 lib.
599 1444 647 1508 IV
663 1463 854 1525 componere
871 1442 992 1526 coepit;

318 1571 346 1615 a.
364 1555 429 1616 732
446 1553 514 1632 (22)
532 1556 670 1616 exemto
686 1551 739 1618 vel
755 1551 851 1634 paulo
869 1556 941 1634 post
957 1547 1098 1634 Cynthia
1121 1567 1258 1614 excussa
1272 1546 1327 1612 lib.
1342 1545 1388 1612 IV

531 1656 644 1724 edidit.

362 1763 422 1830 His
437 1764 530 1830 iactis
546 1764 762 1830 fundamentis
784 1764 854 1829 iam
871 1783 943 1829 eam
960 1781 1044 1845 quae
1059 1761 1187 1844 reliqua
1202 1767 1251 1826 est
1266 1759 1388 1842 disqui-

274 1872 423 1938 sitionem
448 1878 671 1955 superstruere
696 1892 866 1956 possumus
897 1869 946 1936 de
976 1876 1164 1954 tempore
1185 1888 1262 1950 quo
1285 1867 1389 1932 libri

274 1979 410 2061 quinti
443 1979 617 2062 singola
647 1979 827 2044 carmina
851 1978 1017 2061 scripta
1040 1977 1133 2042 sint.
1186 1996 1225 2040 ac
1248 1975 1387 2060 primum

274 2085 405 2169 quidem
422 2106 535 2150 carm.
560 2086 598 2169 V,
619 2091 653 2149 11
673 2086 751 2168 quin
767 2106 796 2150 a.
820 2089 883 2151 738
910 2089 977 2163 (16)
1002 2083 1157 2166 seriptum
1182 2082 1231 2166 sit,
1255 2081 1388 2148 dubium

274 2212 346 2259 esse
362 2192 418 2258 vix
442 2198 563 2275 potest3
593 2191 895 2273 ofr.He1·tzbe1·gius
919 2191 935 2254 I
956 2211 985 2274 p.
1003 2194 1043 2254 30
1061 2196 1093 2254 01
1107 2211 1139 2274 p.
1156 2192 1230 2254 228.
1276 2208 1388 2254 verum

274 2299 371 2364 etiam
388 2297 474 2363 haud
490 2299 536 2362 ita
551 2298 651 2362 multo
667 2304 749 2382 post,
773 2297 841 2362 lere
857 2317 886 2362 a.
904 2301 967 2362 740
985 2294 1065 2381 (14),
1081 2317 1099 2361 0
1115 2295 1183 2360 vita
1198 2293 1388 2361 discessisse

273 2412 402 2490 poetam
419 2403 505 2470 idem
522 2423 650 2470 carmen
666 2403 814 2488 ostendit,
837 2403 959 2488 quippe
983 2402 1068 2484 quod
1085 2403 1126 2468 sit
1141 2401 1382 2487 imperfectum

272 2531 376 2594 neque
400 2531 484 2595 quae
508 2511 597 2576 illum
622 2531 741 2576 annum
764 2509 983 2594 egrediantur,
1004 2510 1070 2575 ulla
1092 2510 1296 2575 inveniuntm
1319 2527 1387 2572 oar-

272 2619 360 2684 mina
375 2619 599 2704 Propertiana.
629 2637 672 2682 an
687 2618 791 2684 subito
808 2618 1006 2684 obmutuisse
1022 2624 1131 2684 vatem
1148 2614 1387 2682 adulescentem

271 2727 471 2811 probabilius
488 2725 560 2792 est?
579 2763 615 2774 -·
636 2726 700 2790 iam
717 2745 795 2791 vero
812 2723 853 2791 de
869 2745 987 2790 earm.
1004 2723 1042 2807 V,
1070 2731 1117 2808 10,
1136 2724 1184 2807 rb,
1208 2727 1237 2807 2,
1253 2727 1283 2806 4,
1300 2727 1329 2807 9,
1350 2725 1386 2786 10

272 2838 347 2898 tem
357 2853 455 2916 pore
471 2833 614 2898 virorum
623 2831 787 2896 doctorum
797 2830 879 2896 adeo
888 2831 972 2895 inter
987 2850 1023 2896 se
1031 2829 1183 2895 differunt
1199 2829 1388 2911 sentcntiae,

273 2945 308 3003 ut
323 2939 568 3022 HertzbergioI
592 2961 622 3022 p.
643 2944 680 3002 17
699 2933 771 3002 adn.
788 2944 821 3003 et
835 2960 865 3022 p.
882 2942 945 3002 223
970 2942 1044 3002 0010
1062 2935 1221 3020 Cynthiae
1237 2949 1389 3019 amorem,

271 3044 515 3128 Esehenburgio
531 3046 550 3109 1.
559 3046 579 3109 1.
588 3065 641 3130 pp.
655 3050 695 3110 83
712 3065 781 3128 sqq.
790 3052 863 3131 post
878 3044 1050 3136 Cynthiam
1067 3042 1252 3109 abdicatam
1268 3041 1390 3125 scripta

272 3171 344 3218 0000
361 3151 540 3244 videantur.
586 3152 676 3234 atqui
700 3153 851 3235 0000011,
880 3159 917 3217 10
932 3158 1005 3235 post
1028 3169 1057 3214 a.
1074 3155 1137 3216 726
1157 3153 1227 3229 (28)
1244 3168 1388 3214 mensem

272 3258 442 3326 Octobrem
459 3260 669 3345 compositum
686 3279 758 3325 esse
775 3258 974 3324 demonstrat
990 3257 1102 3341 templi
1119 3255 1277 3341 Apollinis
1293 3255 1387 3318 Pala-

272 3367 330 3430 tini
346 3367 466 3431 mentio
491 3366 576 3432 10010
600 3387 629 3432 v.
647 3370 675 3430 3.
722 3386 786 3448 qua
807 3365 937 3448 quidem
961 3385 1006 3450 re,
1030 3385 1101 3430 cum
1126 3361 1298 3448 Cynthiam
1322 3362 1387 3426 iam

272 3479 346 3538 ante
362 3472 422 3538 hoo
437 3478 564 3559 tempus
581 3479 631 3540 001
646 3473 754 3538 multis
772 3472 886 3555 elegiis
902 3471 1067 3537 laudatam
1083 3470 1260 3553 videamus,
1276 3469 1388 3534 Hertz-

272 3580 377 3664 bergii
392 3581 585 3646 sententiam
602 3579 743 3666 explosit
759 3578 1030 3661 Eschenburgius.
1062 3575 1165 3659 quid?
1182 3574 1269 3660 quod
1284 3576 1388 3641 Honos

272 3688 309 3771 V,
329 3695 342 3752 1
363 3709 414 3754 vv.
435 3693 494 3753 135
512 3708 581 3771 sqq.
598 3688 746 3772 quamvis
770 3708 827 3754 suo
848 3706 947 3770 more,
971 3684 1029 3752 sed
1045 3684 1072 3750 si
1089 3690 1174 3749 recte
1190 3682 1389 3765 intellegitur

272 3799 357 3858 certo
389 3784 571 3860 testimonio
604 3795 822 3884 Propertium,-
844 3793 900 3858 ubi
931 3793 1070 3878 primum
1103 3791 1201 3856 misso
1234 3788 1388 3856 causidici

272 3920 404 3966 munere
421 3902 564 3966 carmina
588 3902 695 3968 lacere
719 3900 871 3985 coeperit,
896 3900 1020 3982 elegias
1044 3896 1228 3980 amatorias,
1248 3914 1311 3960 non
1334 3915 1388 3978 pe·

271 4007 413 4090 riegesin
429 4007 611 4075 condidisse
627 4007 734 4073 refert.
777 4027 882 4090 neque
903 4027 980 4072 vero
997 4025 1056 4091 per
1072 4024 1211 4068 annuum
1227 4001 1307 4068 illud
1325 4000 1388 4067 dis-

272 4113 391 4178 cidium
407 4113 466 4180 hoc
482 4121 667 4200 poematum
676 4132 779 4195 genus
795 4113 954 4196 tractavit,
971 4111 1172 4194 quoniamne
1188 4109 1248 4174 hoe
1256 4106 1388 4191 quidem

271 4208 415 4305 tempore
432 4219 590 4305 Cynthiae
607 4239 750 4284 amorem
766 4225 897 4284 cantare
914 4217 981 4298 (eir.
998 4218 1135 4302 00001,
1154 4221 1185 4295 1)
1201 4214 1306 4300 desiit,
1330 4211 1388 4280 sed

271 4327 377 4409 ipsum
401 4326 540 4411 primum
564 4325 606 4390 de
629 4345 667 4392 eo
693 4326 809 4391 librum
839 4324 949 4390 edidit.
1001 4325 1091 4406 atqui
1114 4322 1190 4387 dum
1214 4320 1388 4406 Cynthiam
