3192 5154
743 379 785 442 49

208 561 303 638 grata
326 554 486 621 brevitate
503 571 634 620 causam
655 552 750 618 affert
773 573 829 618 cur
852 551 1020 644 superbiat
1033 550 1177 638 Umbria,
1201 560 1323 620 temore

208 661 338 728 additus
354 660 492 727 videtur.
538 657 770 724 Callimachum
797 659 963 724 antemio
988 658 1106 722 atrias
1129 660 1324 725 carminibus

208 753 400 850 argumenta
415 766 521 852 potius
537 765 580 832 ad
590 764 801 836 delectandos
811 786 906 847 qnam
924 763 1169 834 aderadiendos
1184 766 1321 831 lectores

208 893 415 958 comparasse
432 874 613 946 etiamnunc
633 892 655 937 e
679 873 824 955 reliquiis
848 873 955 956 colligi
979 873 1053 938 licet
1077 871 1144 952 (cir.
1160 872 1323 955 Dilthejns

209 978 249 1044 de
266 977 454 1046 Callimachi
470 977 658 1066 Cydippae
690 979 748 1046 sed
764 979 869 1062 magis
885 979 983 1043 etiam
999 979 1033 1048 in
1049 985 1162 1064 aperto
1179 985 1229 1045 est
1244 979 1323 1044 alte·

207 1105 278 1150 rum
294 1092 517 1170 argumentum
535 1107 576 1152 ex
598 1077 678 1175 ipsis
703 1085 897 1153 carminibus
921 1086 1066 1170 petitum.
1111 1085 1325 1168 nequeenim

208 1211 257 1276 ea,
281 1211 363 1274 quae
387 1192 428 1258 de
451 1194 540 1259 urbis
553 1192 682 1261 Romae
703 1193 781 1260 locis
793 1192 898 1259 ‘sacris
914 1191 1031 1257 sabulis
1048 1191 1188 1274 antiquis
1204 1190 1324 1256 tradita

203 1303 308 1382 erant,
324 1297 520 1384 aPropertio
537 1307 571 1364 at
587 1300 706 1366 iustum
722 1299 938 1381 antiquarium
947 1297 1045 1364 ,decet
1053 1299 1148 1383 plene
1162 1298 1324 1394 planeque

208 1405 365 1490 exposita,
388 1404 447 1470 sed
471 1405 632 1490 epactioa
655 1405 805 1470 libertate
830 1411 862 1469 et
885 1405 934 1470 sui
958 1405 1059 1488 ipsius
1082 1404 1204 1488 ingenii
1227 1423 1324 1470 sensu

207 1510 377 1575 immutata
408 1511 624 1600 contaminata
655 1517 808 1594 excerpta
839 1516 919 1575 sunt
973 1528 1069 1591 quam
1100 1529 1168 1576 rem
1199 1511 1324 1576 duobus

208 1616 366 1701 exemplis
388 1595 551 1681 illustrare
575 1616 689 1701 placet
743 1615 785 1681 de
809 1615 952 1700 Tarpeia
982 1616 1150 1698 vulgarem
1180 1616 1323 1684 fabulam

208 1721 307 1787 refert
322 1723 434 1788 Livius
454 1724 481 1806 l,
503 1727 550 1807 ll,
574 1728 593 1788 6
611 1742 680 1805 sqq.
702 1721 736 1790 in
751 1722 834 1787 huno
857 1719 1004 1786 modum:
1041 1728 1167 1802 Sparsa
1182 1729 1325 1804 Tarpeias

208 1834 363 1898 Romanae
378 1839 526 1909 praeerat
548 1835 620 1894 arci.
671 1835 757 1894 haias
775 1836 871 1906 filiam
894 1833 1035 1908 cirpiaem
1062 1849 1137 1894 aare
1165 1836 1326 1910 concapit

207 1940 316 2010 Tatius,
346 1946 378 1998 at
408 1945 539 2010 armatos
568 1942 601 1999 ia
629 1956 729 1999 arcem
760 1941 897 2015 acaptat.
952 1957 1063 2016 aquam
1089 1942 1172 2013 farte
1202 1957 1239 2002 ea
1263 1947 1326 2007 tam

188 2118 192 2122 ,
206 2046 302 2109 sama
318 2051 405 2104 extra
419 2047 534 2106 moenia
543 2047 665 2121 petitum
680 2048 765 2106 ierat.
797 2046 1158 2121 acceptiahratamarmir
1171 2063 1324 2119 uocauere,

206 2165 257 2215 sea
272 2157 304 2209 at
318 2152 346 2210 ai
359 2157 449 2228 capta
460 2154 559 2227 potira
578 2141 642 2212 ore
661 2153 817 2224 uideretur,
837 2169 892 2211 cea
902 2154 1052 2228 prodendi
1075 2148 1200 2228 acempli
1221 2145 1325 2228 caeca,

206 2273 243 2314 aa
258 2258 331 2330 qaia
344 2273 468 2332 acquam
479 2259 575 2330 fidam
585 2259 734 2334 proditori
749 2265 831 2322 esset.
868 2261 991 2319 additur
1002 2259 1129 2333 scholae
1143 2261 1224 2334 qaod
1237 2263 1323 2334 valae

207 2361 312 2422 Sabini
326 2379 436 2426 aureas
451 2366 583 2424 ancillas
595 2367 697 2439 mopsi
706 2367 851 2440 ponderis
866 2365 1006 2426 bracchio
1015 2368 1098 2438 laeuo
1106 2371 1325 2442 pammatosqaa

207 2483 318 2543 mapaa
341 2472 438 2544 speeie
461 2473 575 2534 oculos
589 2471 761 2549 habueriat3
788 2473 938 2546 peptaissa
958 2487 1023 2532 eam
1046 2473 1128 2546 qaod
1148 2475 1180 2531 in
1201 2473 1326 2532 cirotecis

191 2559 341 2634 'mamae
355 2575 513 2646 dabarach
529 2591 562 2636 eo
577 2583 661 2636 cocta
676 2577 787 2652 illipro
804 2579 904 2638 aara‘a
919 2578 1003 2638 donis
1017 2584 1165 2654 conpecto.
1196 2572 1324 2656 ‘hisque

207 2676 346 2743 narratis
362 2675 453 2742 addit
475 2690 542 2744 sant
561 2685 612 2758 qai
626 2699 691 2742 eam
716 2699 755 2742 ex
772 2689 865 2758 pacto
888 2685 1027 2744 tradendi
1049 2685 1130 2759 arrad
1149 2686 1179 2742 ie
1201 2685 1325 2744 anisam

181 2785 340 2848 'maanus
356 2795 437 2860 esset,
462 2791 579 2850 acredo
602 2807 688 2848 amna
697 2792 808 2866 petisse
823 2791 925 2850 dicam
938 2797 967 2849 et
977 2791 1092 2864 fraude
1115 2792 1207 2849 ciram
1231 2801 1324 2866 oyem
1395 2855 1401 2870 ,

207 2911 262 2954 aaa
277 2896 372 2970 hasam
381 2889 565 2972 peremptam
581 2898 723 2958 mercede.
769 2897 866 2974 atque
890 2891 972 2957 hano
988 2890 1118 2974 quidem
1134 2891 1323 2975 interpreta-
1389 2874 1404 2932 .'

207 2996 333 3072 tionem¹
357 2996 443 3062 illius
474 2997 631 3081 pactionis
663 2997 860 3082 excogitavit
886 2987 961 3064 Piso
993 2999 1156 3063 annalium
1188 2998 1324 3083 scriptor

207 3101 341 3168 miratus
365 3101 420 3167 ille
452 3123 510 3168 suo
541 3103 610 3168 iure
639 3103 724 3186 quod
747 3103 931 3189 proditricis
962 3105 1092 3190 puellae
1112 3105 1146 3169 in
1169 3104 1323 3170 honorem

206 3229 298 3276 mons
307 3210 466 3294 Tarpeius
482 3210 664 3276 nominatus
681 3216 767 3276 esset
780 3230 805 3295 a¹
818 3196 980 3277 Romanis.
1012 3209 1045 3273 in
1061 3209 1199 3276 similam
1216 3217 1323 3275 autem

103 3360 106 3368 ·
206 3316 423 3403 suspicionem
447 3316 544 3382 etiam
576 3322 683 3382 noster
707 3323 804 3402 poeta
828 3317 957 3382 vocavit
978 3317 1147 3402 vulgarem
1172 3317 1323 3402 fabulam,

207 3423 235 3487 si
259 3423 389 3504 quidem
415 3423 454 3507 V,
480 3429 575 3488 lvv.
599 3428 640 3489 93
667 3443 713 3507 sq.
737 3443 836 3510 supra
860 3430 945 3490 recte
978 3431 1019 3493 et
1033 3424 1266 3510 explicavimus
1291 3431 1324 3490 et

207 3527 458 3596 emendavimus.
505 3528 564 3595 sed
579 3536 688 3595 tamen
703 3531 821 3596 usitam
837 3531 1054 3596 narrationem
1079 3531 1248 3620 amplexus
1272 3551 1322 3595 ar-

206 3634 267 3700 mis
289 3619 450 3700 obrutam
465 3653 537 3701 esse
561 3635 737 3721 Tarpeiam
768 3635 855 3703 idem
888 3637 1010 3701 rettulit
1032 3658 1063 3703 v.
1078 3639 1145 3719 913
1183 3644 1217 3702 at
1240 3637 1322 3704 mira

181 3739 350 3825 'proiecto
367 3741 425 3806 ille
445 3741 578 3807 ratione.
623 3742 710 3808 omni
734 3743 818 3809 enim
843 3744 990 3810 acumine
1015 3765 1085 3810 cum
1100 3751 1219 3810 careat
1242 3744 1322 3810 haec

205 3867 267 3931 res,
290 3848 353 3915 nisi
377 3846 463 3931 quod
484 3848 516 3912 in
533 3847 669 3915 sinistris
686 3849 834 3916 mani-hus
858 3851 1013 3919 haberent
1036 3850 1206 3917 aSabinis‘
1224 3858 1321 3935 pacta

206 3973 278 4020 esse
293 3953 409 4020 dicitur
425 3954 578 4038 Tarpeia,
594 3954 649 4020 ille
666 3975 776 4021 amore
785 3956 873 4020 Tatii
889 3953 1065 4022 adductam
1080 3975 1152 4022 esso
1169 3956 1320 4042 puellam,

206 4064 241 4121 ut
257 4079 363 4126 arcem
379 4059 523 4128 hostibus
540 4061 702 4147 proderet,
725 4062 860 4148 pulchra
876 4083 954 4130 sane
970 4063 1153 4129 narratione
1171 4063 1320 4148 exposuit

206 4169 270 4243 (vv.
287 4168 329 4230 ‘29
345 4185 429 4250 sqq,;
458 4188 487 4232 v.
505 4171 577 4250 82).
623 4174 657 4234 at
679 4181 719 4234 ne
744 4170 815 4253 quis
839 4169 1010 4236 honorem
1033 4189 1173 4236 novasse
1189 4169 1318 4254 poetam

206 4269 379 4336 contendat
393 4292 457 4338 non
476 4292 534 4342 suo
550 4274 677 4367 iudicio,
701 4275 759 4342 sad
775 4277 883 4344 'aliena
899 4277 1089 4356 auctoritate
1106 4276 1232 4432 inpium,
1255 4296 1320 4359 qua
