3192 5154
741 369 782 468 tta

236 551 242 562 '
293 561 407 626 Restat
434 567 469 624 ut
493 559 533 624 id
561 559 795 627 mendorum
825 578 959 642 genus
989 566 1222 636 tractemus
1246 581 1319 644 quo

203 665 750 750 inquinantur-scriptores
788 651 984 730 versibus
1023 666 1319 752 interpolatis.

204 779 301 854 atque
325 793 396 837 oum
412 770 672 854 Esohenburgius
698 771 940 838 observatorit.
965 771 997 835 in
1013 771 1159 859 Propert.
1175 795 1230 858 pp.
1251 779 1318 862 17-

206 884 247 943 26
271 879 386 944 merito
411 871 541 944 eieeeiit
557 879 595 962 V,
622 884 635 941 1
663 899 713 943 vv.
731 881 771 942 33
784 915 821 923 -
834 881 887 962 36,
909 897 967 944 nos
988 877 1022 943 in
1042 877 1157 945 eodem
1178 879 1319 958 earmina

205 1007 256 1050 vv.
274 989 314 1050 65
333 969 393 1067 sq.:¹
670 979 674 986 ’
959 1003 961 1010 ·

277 1108 284 1118 ’
374 1129 376 1136 ,
407 1097 581 1156 scandentes
596 1097 623 1154 st
638 1097 702 1170 quis
717 1100 817 1155 sonet
831 1096 869 1154 de
884 1093 1008 1158 vallabas
1023 1112 1117 1175 arces,

506 1203 628 1290 triqeoio'
638 1217 737 1262 moros
752 1203 944 1261 aestimetille
958 1213 1022 1262 meo
1089 1247 1092 1258 .

205 1305 299 1370 obelo
314 1304 506 1369 notabimus.
544 1310 642 1384 atque
657 1302 716 1368 hos
732 1302 862 1370 insanos
876 1323 948 1370 esse
964 1303 1163 1386 intellegitur
1179 1303 1319 1368 maxime

133 1417 136 1422 '
206 1409 631 1496 comparatisvv.125sq.:

281 1553 283 1560 ‹
387 1507 623 1594 'scandentisque
637 1519 879 1594 Aetatemmorqtt
894 1509 1002 1580 vertice
1015 1536 1124 1600 ments,
1184 1554 1188 1562 ·

378 1659 381 1664 -
465 1654 472 1663 ·
490 1640 591 1685 mono
606 1626 644 1686 ob
659 1627 775 1700 iqqeoio
790 1627 886 1686 notior
900 1628 949 1686 ille
964 1633 1037 1703 to03-

206 1729 355 1810 equibus
372 1727 421 1794 ‚de
443 1726 559 1793 eadem
575 1726 730 1794 Umbriae
753 1727 888 1810 regione
913 1727 1006 1792 dietis
1026 1729 1126 1792 nostri
1150 1726 1319 1792 manifesto

205 1835 352 1920 expressi
368 1841 449 1898 sunt.
480 1853 556 1898 nam
573 1852 656 1918 quae
673 1833 803 1898 tandem
820 1839 869 1900 est
884 1853 996 1900 eorum
1008 1829 1191 1914 sententia?
1219 1833 1318 1907 hexa-

204 1945 305 2006 metro
322 1942 391 2006 sine
411 1940 510 2008 dubio
526 1941 583 2005 alti
607 1945 731 2006 montes
754 1939 992 2026 intelleguntur,
1015 1947 1051 2010 at
1072 1941 1185 2022 quales
1208 1921 1319 2025 penta-

204 2046 330 2114 metro?
376 2046 607 2130 Hertzbergius
631 2053 790 2110 aestimare
812 2047 945 2116 verbum
969 2047 1016 2117 ita
1039 2047 1144 2133 ao'oipi
1166 2052 1263 2130 vetat,
1286 2051 1321 2110 ut

204 2154 304 2234 maqoi
319 2160 483 2238 aestimare.
524 2158 559 2217 at
581 2173 637 2218 our
657 2150 691 2216 id
713 2159 803 2236 optet
818 2159 925 2237 poeta,
954 2133 987 2218 ut
1002 2158 1129 2219 taxetur
1146 2135 1318 2235 quomodo-

134 2323 137 2326 .
206 2279 332 2341 ounque
347 2260 454 2344 patria
469 2259 554 2326 sna?
585 2259 683 2324 immo
699 2263 738 2324 ut
749 2260 859 2342 magni
874 2259 1064 2326 aestimetur
1079 2266 1212 2346 propter
1227 2279 1319 2329 suum

205 2365 369 2448 ingenium
392 2371 508 2448 rogatq
524 2365 578 2433 etr.
594 2387 623 2431 v.
641 2369 692 2430 63.
731 2365 821 2448 atqui
837 2365 881 2434 ad
897 2387 1032 2450 magnos
1048 2367 1130 2452 illos,
1146 2365 1187 2433 de
1203 2367 1319 2452 quibus

205 2472 329 2536 loeutus
352 2477 400 2536 est
422 2472 456 2536 in
472 2470 668 2554 hexametro,
692 2477 828 2538 montes
840 2471 886 2536 nil
909 2474 1024 2539 attinet
1047 2480 1164 2560 poetae
1189 2475 1319 2558 ingenio

205 2577 327 2660 augeri.
379 2578 488 2660 itaq'ue
511 2583 650 2662 apparet
673 2575 714 2642 de
729 2577 861 2660 ‚exiguis
886 2579 1022 2662 eogitari
1053 2580 1086 2644 in
1109 2587 1319 2664 pentametro.

204 2683 289 2767 qum
311 2682 691 2778 amensamens
721 2683 880 2750 sententia
911 2683 1020 2750 ovim
1050 2705 1148 2752 amor.
1179 2665 1236 2774 nr,
1259 2692 1320 2770 «15,

207 2798 242 2856 11
263 2811 369 2875 sqq.-:.·

370 2908 464 2978 etque
479 2902 585 2976 oliqes's
598 2905 736 2976 spectata
751 2901 856 2978 hospes
871 2903 1018 2974 Salmonis
1033 2904 1138 2978 aquosi

354 3041 355 3048 .
414 2997 622 3082 moenio'qooe
636 3009 733 3084 compi
747 3009 855 3081 ioqero
863 3025 968 3086 per-oo
982 3014 1088 3088 teneras,
1113 3056 1115 3062 .

311 3145 313 3152 ,
377 3131 472 3192 „quae
487 3118 617 3178 tentam
630 3105 707 3172 dicet
720 3115 871 3191 ,potuistis
882 3115 968 3188 ferse
976 3121 1109 3193 poetam,

416 3223 673 3298 quantolocumque
688 3217 763 3291 estis,
778 3237 829 3281 vos
844 3231 898 3296 eqo
912 3237 1024 3302 moyes
1035 3223 1133 3294 sero‘t

204 3342 351 3407 pugnare
373 3321 473 3406 igitur
500 3341 608 3388 seeum
632 3320 856 3389 hexametrum
879 3329 913 3388 et
937 3328 1174 3408 pentametrum
1204 3323 1319 3406 negari

203 3449 266 3492 non
282 3429 411 3514 poterit.
442 3423 528 3512 quod
544 3449 616 3494 oum
624 3429 856 3514 perspexisset,
872 3427 1188 3498 Marklaudusseribi
1203 3429 1313 3496 iussit:

264 3620 269 3630 .
339 3573 341 3583 ·
431 3541 609 3614 ·taqeniam
624 3542 714 3599 moris
727 3543 861 3626 aestimet
874 3543 924 3600 ille
937 3555 1039 3600 meum.

204 3661 332 3724 ergo„e
348 3641 538 3724 murorum“,
553 3641 657 3722 inquit
672 3646 776 3725 poeta,
792 3641 983 3724 „altitudine
995 3661 1102 3708 meum
1119 3642 1318 3725 quantutum-

204 3767 327 3830 ounque
344 3752 393 3812 est
404 3738 572 3829 ¹ingenium
589 3746 738 3813 aestimet
754 3746 899 3832 hospes‘.
929 3755 963 3813 at
978 3749 1318 3834 quipoeta·eoutentus

203 3856 275 3919 esse
291 3853 395 3938 potuit
410 3853 468 3917 tali
483 3851 589 3919 iudioe
604 3853 660 3936 qui
676 3853 819 3918 earmina
835 3875 894 3919 sua
909 3839 1089 3923 laudaverit
1104 3875 1169 3920 non·
1186 3861 1319 3940 propter

203 3960 347 4044 ipsorum
364 3959 524 4044 virtutem,
540 3959 599 4027 sed
608 3948 740 4045 propter
748 3960 815 4024 alta
823 3961 948 4044 patriae
964 3961 1117 4030 moenia?
1148 3981 1231 4044 quae
1247 3982 1317 4026 oum

203 4065 254 4129 ita
266 4065 337 4150 sint,
351 4067 417 4132 noli
433 4066 581 4134 dubitare
597 4067 803 4152 versus'istos
820 4068 904 4132 male
921 4087 1016 4136 sanos
1033 4068 1206 4157 expellere.
1243 4131 1248 4143 ,

292 4171 398 4254 Atque
425 4174 629 4256 gravissimis
658 4173 899 4240 difficultatibus
933 4179 1082 4240 tenentur
1103 4173 1208 4238 etiam
1222 4167 1269 4258 ¹ti,
1298 4180 1317 4239 5

204 4299 255 4343 vv.
272 4277 410 4342 9-t2:
1215 4304 1218 4310 ¹
