3224 5154
740 407 781 467 93

206 586 285 646 botes
299 578 461 664 Propertii
477 578 556 644 elia
571 579 623 644 vel
639 579 761 663 primus
781 577 904 661 fingere
920 583 1054 663 poterat,
1077 585 1163 644 certe
1186 598 1249 646 non
1272 587 1322 646 est

205 693 317 753 auctor
332 686 445 751 horum
466 685 654 770 carminum,
676 685 705 752 si
721 684 851 767 quidem
874 696 909 750 a'·
917 685 1085 770 Propertio
1108 686 1216 754 aliena
1240 694 1321 753 sunt.

205 814 280 860 narn
304 815 375 860 cum
399 793 433 857 in
457 792 505 858 eis
530 784 653 858 vocalis
677 814 694 856 o
717 790 822 860 finalis
844 793 907 858 nisi
930 793 963 858 in
987 792 1151 858 vocabulis
1174 793 1320 859 iambicis

206 901 295 968 velut
309 907 396 966 modo
412 917 575 983 nunquam
596 905 744 984 correpta
767 899 817 984 sit,
840 897 899 964 sed
922 919 1052 985 semper
1074 899 1230 985 producta
1254 899 1321 980 (cf.

206 995 1099 1092 verurv,3‚es;sr;7135,5a;o‚1r;7‚'5e;ar;
1130 1010 1315 1092 s‚17;as;

207 1119 263 1198 493
285 1118 390 1198 9,35;
422 1117 527 1198 10,3;
560 1115 684 1198 11,27;
715 1115 777 1191 73.)
801 1117 932 1197 praeter
955 1111 993 1196 V,
1017 1118 1045 1196 5,
1070 1117 1110 1178 75
1134 1112 1190 1178 ubi
1213 1120 1321 1180 tamen

206 1219 362 1284 facillime
384 1241 444 1305 pro
468 1227 584 1286 caedito
607 1219 756 1286 scribitur
779 1226 902 1304 coedr'tc,
925 1239 989 1286 non
1011 1227 1146 1305 possunt
1167 1221 1224 1286 illa
1248 1229 1322 1307 post

207 1325 334 1392 Claudii
355 1326 557 1409 Neronisque
588 1331 718 1411 tempus
748 1326 926 1411 composita
949 1345 1037 1409 esse,
1078 1348 1142 1411 quo
1174 1334 1322 1414 tempore

206 1440 374 1520 correptae
390 1433 476 1499 illius
492 1433 614 1500 vocalis
630 1433 794 1498 licentiam
818 1438 946 1497 auctam
963 1453 1035 1498 esse
1051 1432 1145 1500 docet
1160 1434 1321 1502 Lucienus

206 1540 380 1606 Muellerus
397 1538 437 1605 de
453 1559 489 1604 re
505 1545 594 1605 metr.
611 1561 642 1625 p.
653 1543 693 1604 42
704 1545 736 1605 et
744 1561 775 1624 p.
785 1541 858 1603 339.
890 1558 933 1602 an
949 1539 1046 1605 etiam
1063 1539 1096 1604 in
1111 1540 1172 1606 bac
1187 1542 1322 1607 metrica

206 1647 415 1714 observantia
435 1645 637 1731 Propertium
661 1665 682 1711 a
704 1645 818 1709 Paullo
840 1665 965 1710 summa
986 1667 1057 1712 oum
1081 1647 1251 1730 diligentia
1267 1668 1321 1713 ex-

206 1774 355 1840 pressum
386 1773 459 1819 esse
490 1751 629 1818 eredes?
676 1751 778 1836 quid?
814 1751 899 1834 quod
929 1773 970 1818 ne
1002 1753 1159 1819 eiusmodi
1190 1753 1321 1836 quidem

206 1861 350 1924 carmina
366 1860 475 1941 qualia
490 1859 633 1922 maxima
646 1878 697 1923 ex
721 1865 814 1943 parte
838 1859 919 1924 liber
940 1861 1068 1942 quintus
1092 1861 1239 1945 continet,
1263 1860 1321 1926 sed

206 1966 316 2048 elegos
331 1965 421 2031 illum
437 1963 605 2048 scripsisse
621 1964 743 2030 Plinius
760 1964 884 2031 duobus
898 1966 982 2032 locis·
994 1965 1099 2052 (epist.
1116 1968 1169 2051 VI,
1189 1971 1243 2050 ¹53
1265 1967 1321 2052 IX,

209 2077 260 2151 12)
269 2078 415 2138 testatur.
446 2092 524 2155 ergo
534 2072 561 2138 si
577 2091 694 2138 revera
708 2091 772 2136 non
788 2079 861 2138 sunt
869 2073 1039 2158 Propertii,
1054 2073 1197 2138 carmina
1212 2081 1322 2140 nostra

206 2183 293 2244 o'erte
309 2199 415 2262 neque
432 2200 452 2245 a
468 2179 565 2243 Plinii
581 2179 710 2262 aequali
725 2179 849 2264 Paullo,
872 2179 930 2246 sed
953 2178 1039 2245 haud
1055 2179 1103 2245 ita
1126 2181 1224 2246 multo
1248 2187 1321 2266 post

206 2283 409 2368 Propertium
429 2287 554 2370 scripta
577 2306 681 2368 neque
706 2287 775 2352 eius
799 2287 994 2352 carminibus
1014 2287 1099 2353 malo
1124 2287 1255 2353 consilio
1279 2288 1321 2353 ab

205 2390 314 2471 aliquo
331 2391 558 2474 interpolatore
575 2390 774 2476 interposita,
797 2391 856 2458 sed
879 2393 1079 2476 casualiquo
1096 2393 1225 2458 adnexa
1240 2399 1321 2458 sunt.

205 2515 289 2577 quae
306 2501 414 2560 tamen
429 2495 589 2560 sententia
603 2494 678 2560 ideo
695 2497 872 2580 probabilis
888 2506 1023 2583 nonest,
1039 2499 1274 2584 quodCynthia
1289 2499 1322 2563 in

205 2602 327 2684 aliquot
343 2601 537 2667 carminibus
553 2607 804 2692 commemorata
820 2601 909 2688 haec,
925 2585 952 2670 si
966 2605 1163 2692 ePropertio
1179 2605 1323 2692 profecta

204 2729 267 2774 non
283 2716 366 2794 sunt,
381 2707 425 2773 ad
441 2709 511 2774 eius
528 2709 712 2794 exemplum
728 2707 923 2794 interpolata
939 2731 1010 2778 esse
1028 2713 1154 2779 evincit.

293 2815 479 2900 Praeterea,
494 2815 528 2880 id
545 2816 630 2898 quod
645 2815 874 2900 gravissimum
899 2823 956 2902 est,
978 2838 1027 2884 ne
1048 2818 1097 2882 ad
1112 2819 1215 2885 hanc
1231 2819 1321 2904 qui-

205 2920 293 2988 dem
310 2921 596 3008 suspicionem
621 2921 939 2988 sustentandam
961 2923 1194 2991 sufficiunt
1216 2947 1321 3010 quae

203 3026 855 3095 inillisnotavitHeimreichius
902 3035 934 3094 et
950 3028 1088 3112 primum
1105 3032 1235 3115 quidem
1251 3034 1321 3098 imi-

204 3137 360 3201 tationum
373 3156 478 3202 avere
495 3155 574 3202 sane
581 3134 751 3220 Propertio
767 3135 947 3200 alienarum
963 3135 1208 3223 multitudinem,
1225 3161 1320 3222 quam

204 3243 379 3327 indagasse
395 3243 457 3308 sibi
471 3241 560 3309 risus
576 3248 634 3326 est,
650 3261 711 3324 ego
727 3241 858 3324 quidem
874 3241 995 3307 nullam
1013 3261 1085 3308 esse
1101 3250 1187 3326 puto.
1217 3266 1321 3328 neque

205 3351 299 3435 enim,
319 3357 355 3416 ut
377 3369 478 3436 supra
501 3350 567 3416 iam
591 3349 781 3436 monuimus,
798 3349 835 3436 V,
856 3355 868 3414 1
895 3370 946 3416 vv.
967 3353 1026 3414 127
1052 3367 1121 3430 sqq.
1142 3350 1321 3436 ePropert.

204 3454 228 3538 I,
246 3459 296 3538 22,
313 3463 331 3520 7
349 3459 457 3542 autv,
485 3464 497 3522 1
527 3479 578 3525 vv.
598 3463 659 3523 133
677 3476 745 3539 sqq.
770 3476 788 3521 e
812 3456 957 3540 Propert.
980 3455 1035 3538 IV,
1059 3461 1077 3520 3
1096 3462 1151 3519 aut
1174 3456 1217 3538 V,
1234 3460 1253 3519 2
1270 3479 1320 3522 vv.

208 3566 310 3642 lsqq.
332 3581 373 3625 ex
397 3560 490 3628 Ovio.
512 3562 585 3628 fast.
601 3563 626 3646 I,
652 3567 692 3626 63
710 3582 778 3642 sqq.
803 3562 949 3646 expressi
973 3568 1055 3625 sunt.
1101 3567 1274 3645 practerea
1290 3569 1322 3626 et

205 3672 313 3732 noster
330 3673 427 3752 poeta
442 3668 480 3752 V,
497 3668 539 3734 eb
556 3674 588 3734 et
603 3667 768 3750 Vergilius
785 3666 864 3732 Aen.
881 3665 967 3751 VIII,
984 3671 1046 3732 675
1064 3687 1133 3749 sqq.
1156 3666 1189 3731 in
1212 3686 1321 3751 pugna

203 3773 337 3840 Actiaca
353 3772 565 3839 describenda
580 3780 736 3841 versatur.
781 3774 855 3838 binc
870 3778 979 3840 autem
995 3793 1112 3859 rerum,
1141 3780 1176 3839 ut
1197 3794 1257 3858 par
1273 3780 1322 3838 est

204 3882 255 3946 vel
272 3888 447 3967 propterea
463 3879 550 3963 quod
574 3879 614 3962 de
630 3880 753 3966 proelio
769 3879 900 3946 Actiaco
915 3901 991 3946 mox
1007 3887 1114 3947 certae
1138 3886 1206 3947 sine
1223 3879 1320 3945 dubio

204 3985 389 4052 ferebantur
415 3987 627 4074 narrationes,
659 3987 778 4071 exigua
808 3987 967 4070 quaedam
989 3997 1042 4054 ‘est
1066 3985 1258 4070 similitudo;
1288 3992 1322 4049 at

204 4093 301 4176 plane
316 4094 404 4158 nulla
428 4101 477 4160 est
500 4096 699 4179 singulorum
720 4094 894 4160 verborum
917 4094 1133 4178 congruentia.
1180 4114 1264 4178 nam,
1287 4098 1322 4158 ut

206 4195 335 4278 singula
351 4199 520 4267 videamus
542 4223 626 4284 quae
650 4201 851 4286 comparavit
866 4201 1110 4286 Heimreiehius,
1132 4200 1321 4287 Propertius

206 4301 245 4384 V,
262 4306 292 4384 6,
308 4305 350 4365 29
366 4323 429 4381 sq:
