3192 5154
805 393 842 452 10

265 564 305 627 63
323 581 392 644 sqq.
409 581 480 628 cum
497 562 681 650 Pasiphaae
697 563 905 629 Andromeda
919 564 1124 649 respondeat,
1150 571 1217 630 tum
1234 565 1375 652 Clytem-

261 675 390 734 nestrae
399 668 568 736 manifesto
578 671 727 755 opposita
740 678 789 736 est
797 671 1041 756 Hypermestre,
1055 671 1129 756 ipsa
1138 674 1178 737 ob
1187 671 1221 736 id
1229 673 1376 758 inprimis

261 775 403 860 laudata,
417 777 502 859 quod
518 797 582 841 una
598 798 741 843 sororum
751 777 917 862 Lynceum
927 778 1148 844 maritumnon
1163 779 1376 845 interiecerat.

262 881 370 964 itaque
395 889 429 947 ut
449 889 593 967 stuprum
617 904 680 949 non
704 881 972 968 Clytemestrae,
996 883 1055 950 sed
1075 885 1181 969 potius
1197 885 1377 970 Pasiphaes

262 988 312 1052 cui
340 989 445 1071 magis
473 987 507 1053 id
530 990 679 1055 convenit
709 1010 729 1054 a
752 997 850 1076 poeta
869 997 1072 1074 memoretur,
1094 990 1251 1056 voeabula
1275 996 1377 1058 trans·

264 1094 371 1178 posita
386 1094 500 1160 leniter
517 1096 563 1160 sic
578 1094 803 1162 reformemus:

387 1207 469 1266 anda
488 1207 723 1282 clytemnestram
746 1209 823 1266 nebit
838 1211 936 1266 attera
950 1211 1113 1281 stupreque
1130 1207 1252 1267 Cressae

504 1319 610 1387 portat
624 1315 760 1373 mentitae
775 1315 873 1388 ttpnea
887 1319 1018 1372 monstra
1034 1312 1121 1372 bovis.

261 1417 357 1494 atque
388 1413 556 1497 positionis
586 1414 693 1496 legem
720 1415 754 1477 in
783 1414 886 1500 stupri
910 1432 988 1479 voce
1014 1413 1195 1496 neglectam
1218 1416 1383 1501 exemplis·

260 1516 399 1583 firmavit
414 1519 574 1586 Lucienus
589 1520 764 1586 Muellerus
789 1520 830 1586 de
852 1540 888 1586 re
911 1515 1003 1585 metr.
1026 1542 1057 1605 p.
1074 1524 1147 1586 318.
1193 1542 1277 1604 quae
1297 1540 1377 1607 prae

188 1665 194 1679 ·
262 1625 377 1691 ceteris
394 1625 523 1709 quidem
539 1627 572 1690 in
588 1628 692 1712 primo
716 1634 748 1691 et
763 1626 960 1712 paenultimo
977 1625 1155 1692 hexametri
1178 1628 1263 1712 pede
1288 1629 1376 1694 inve-

259 1731 397 1815 niuntur,
418 1729 477 1796 sed
501 1738 609 1797 tamen
624 1733 658 1796 in
672 1733 744 1797 aliis
762 1733 860 1797 etiam
876 1730 964 1817 apud
980 1731 1090 1797 Horat
1106 1751 1201 1798 serm.
1216 1734 1257 1816 Il,
1276 1738 1304 1817 2,
1314 1738 1371 1800 36:

426 1872 468 1884 —-
480 1859 627 1916 proceros
642 1844 738 1902 odisse
753 1845 859 1918 lupos?
887 1845 957 1918 praa
972 1845 1083 1904 scilicet
1097 1845 1154 1903 itlr's
1176 1875 1213 1885 —

261 1948 292 2006 et
308 1941 433 2008 Lucret.
450 1943 488 2026 V,
505 1948 564 2008 47:

348 2085 391 2094 -
407 2055 513 2128 quidne
526 2053 666 2129 snperbia
680 2056 822 2136 spurcitia
838 2071 875 2113 aa
884 2056 1072 2130 penetentia?
1093 2061 1228 2130 paona.
1247 2087 1288 2097 -

351 2153 379 2218 E
395 2155 509 2220 litteris
526 2162 634 2220 autem
650 2156 853 2240 transpositis
877 2155 1059 2240 corruptela
1074 2162 1145 2222 orta
1162 2175 1235 2222 esse
1251 2155 1377 2222 ridetur

260 2261 297 2342 V,
321 2265 350 2344 4,
368 2265 418 2326 85.
464 2281 527 2342 quo
543 2261 576 2324 in
592 2281 689 2326 versu
705 2260 791 2343 quod
812 2261 911 2326 lentur
936 2268 1037 2327 omnia
1049 2267 1239 2342 praebebant
1261 2285 1376 2328 somnos

259 2387 330 2431 cum
347 2366 393 2430 ita
408 2359 935 2460 tantum'interpretaripossimus,
951 2374 986 2432 ut
1001 2375 1086 2433 totus
1111 2367 1185 2434 festi
1200 2376 1376 2454 apparatus

260 2472 430 2557 ipsumque
452 2479 579 2558 tempus
595 2494 740 2539 somnum
763 2474 880 2539 afferre
897 2474 1050 2540 Romanis
1068 2473 1201 2558 dicatur,
1224 2474 1258 2538 id
1279 2476 1375 2541 etiam

259 2579 407 2646 versibus
424 2579 478 2661 qui
495 2581 639 2663 proxime
656 2580 849 2646 antecedunt
866 2580 985 2646 dictum
1002 2579 1165 2663 videmus,
1193 2601 1298 2665 neque
1314 2602 1377 2646 non

259 2686 414 2752 sentimus
445 2687 552 2771 potius
583 2707 680 2750 unum
711 2687 828 2752 Jovem
860 2688 1050 2769 vigilantem
1081 2688 1228 2754 omnibus
1260 2689 1376 2754 ceteris

259 2813 370 2858 somno
393 2792 529 2877 sepultis
553 2793 776 2877 oppositurum
801 2792 901 2858 fuisse
930 2800 1068 2876 poetam.
1127 2813 1191 2876 qua
1213 2793 1254 2858 de
1278 2813 1376 2859 causa

259 2918 363 2981 neque
393 2919 464 2964 cum
496 2898 687 2964 Marklando
720 2905 817 2964 omnia
834 2903 1002 2978 praebebat
1028 2920 1145 2964 soranae
1175 2918 1281 2981 neque
1305 2919 1376 2964 cum
1500 2903 1501 2907 ’

260 3004 466 3070 Lachmanno
490 3012 588 3070 omnia
604 3010 794 3086 praebebant
808 3011 900 3070 sonat
915 3005 1060 3090 recipere
1077 3004 1172 3090 licet,
1183 3006 1376 3090 praesertim

260 3131 332 3176 cum
347 3110 410 3176 hae
427 3110 667 3178 emendationes
683 3111 849 3177 obscurius
866 3109 996 3178 dicendi
1011 3131 1114 3194 genus
1125 3132 1205 3196 prae
1220 3131 1256 3178 se
1272 3103 1389 3177 lerant'

259 3237 321 3301 quo
337 3239 397 3302 pro
412 3217 584 3284 securitate
600 3217 807 3302 appellantur
824 3224 929 3280 omnia.
975 3236 1088 3281 veram
1105 3217 1191 3281 viam
1210 3218 1376 3299 ingressus

259 3329 309 3390 cst
324 3322 466 3388 Koohius
488 3325 521 3387 in
544 3323 647 3408 symb.
664 3323 716 3407 ph.
732 3324 768 3386 B.
785 3344 814 3406 p.
833 3326 897 3386 328
921 3321 1088 3406 proposita
1111 3321 1172 3386 hac
1195 3322 1376 3387 coniectura

259 3436 356 3496 arania
371 3434 526 3509 torpebant
539 3451 648 3493 somno.
694 3427 753 3492 sed
769 3448 789 3491 a
805 3427 923 3492 tradita
939 3426 1100 3512 scriptura
1115 3428 1224 3494 nescio
1246 3449 1288 3492 an
1304 3450 1375 3512 pro·

258 3536 331 3622 pius
348 3535 445 3602 etiam
461 3535 547 3600 absit
560 3534 621 3600 hoc
637 3540 734 3599 omnia
750 3538 914 3614 carpebant
928 3555 1052 3598 somnos
1099 3541 1242 3614 ceterum
1258 3534 1299 3600 de
1316 3536 1377 3601 hac

259 3642 418 3708 locutione
435 3641 490 3708 cfr.
506 3642 602 3724 Verg.
620 3639 737 3724 Georg.
753 3641 805 3725 Ill,
822 3644 886 3706 435
904 3648 936 3706 et
952 3662 981 3706 a.
997 3643 1017 3706 l.

347 3747 524 3814 Veniamus
540 3768 623 3813 nunc
647 3747 690 3812 ad
713 3767 768 3814 eos
791 3749 878 3816 locos
903 3749 957 3831 qui
979 3749 1099 3816 omissa
1122 3747 1242 3813 lineola
1265 3766 1329 3828 qua
1344 3745 1377 3808 M

261 3854 370 3920 littera
385 3852 544 3919 indicatur
568 3853 740 3940 depravati
755 3860 836 3920 sunt.
882 3875 947 3937 qua
970 3854 1152 3941 corruptela
1173 3853 1303 3918 sublata
1325 3873 1375 3919 sa-

259 3950 417 4026 naverunt
432 3960 470 4044 V·,
498 3965 546 4044 10,
563 3966 606 4026 36
622 3983 681 4046 pro
697 3981 736 4028 eo
747 3959 838 4043 ⁴quod
854 3960 928 4026 libri
941 3960 1071 4025 tradunt
1085 3966 1186 4040 prada
1198 3959 1376 4026 scribentes

258 4073 395 4147 prodam.
436 4065 645 4151 ¹eandemque
661 4067 855 4133 medicinam
870 4064 1090 4132 adhibendam
1107 4085 1179 4131 esse
1206 4085 1321 4134 censeo
1338 4066 1376 4152 V,

260 4177 289 4256 4,
305 4177 344 4238 72
361 4173 449 4240 cuius
466 4173 618 4240 traditam
628 4175 821 4259 scripturam
831 4178 959 4238 abscisso
971 4179 1375 4257 sertarapertasinaapuro

260 4299 407 4346 sermone
424 4279 598 4348 abhorrere
613 4279 839 4346 Lachmannus
855 4277 1028 4348 admonuit.
1061 4278 1120 4344 sed
1136 4279 1277 4364 corrupit
1293 4278 1376 4344 huna
