3224 5154
793 371 853 431 104

262 542 394 610 casdem
411 550 518 610 autem
536 543 677 610 rationes
695 543 772 610 satis
790 544 850 608 erit
870 542 1025 610 adnotare
1041 557 1113 610 esse
1130 543 1288 608 vocalium
1305 545 1377 610 bre-

261 652 348 716 vium
367 671 449 734 quac
465 651 570 736 longis
587 650 855 734 subsequentrbus
872 652 1069 735 copulentur,
1091 651 1137 715 ita
1152 656 1260 716 tamen
1275 659 1311 716 ut
1326 652 1377 718 hic

260 778 323 824 nou
339 757 447 823 brevis
464 776 491 841 c,
508 745 567 824 sed
583 779 602 822 a
619 758 726 824 brevis
743 757 917 824 maximum
940 756 1128 826 necessario
1150 756 1212 825 sibi
1236 757 1376 826 vindicet
1430 771 1432 778 ⁴

260 865 481 949 exemplorum
497 885 673 931 numerum.

349 969 439 1049 Quae
457 992 527 1038 cum
544 972 591 1037 ita
606 973 678 1056 sint,
695 979 728 1038 ct
741 973 773 1037 in
790 971 1278 1058 spondeorumdaotylorumquc
1295 974 1376 1041 etin

260 1078 481 1166 synaloephae
505 1099 564 1144 usu
585 1085 652 1143 tam
677 1079 791 1144 similis
808 1080 925 1144 ceteris
942 1085 991 1146 est
1005 1079 1087 1145 liber
1103 1081 1241 1176 quintus,
1264 1088 1375 1146 utnon

260 1185 784 1272 11666111616666Ρ16116111611116.
830 1187 981 1252 nimirum
1005 1207 1044 1253 ea
1068 1187 1184 1270 quibus
1208 1210 1229 1253 a
1243 1188 1375 1271 reliquis

259 1277 424 1378 paululum
442 1292 605 1378 discrepat
620 1293 653 1356 in
669 1294 848 1358 remetrica
863 1291 991 1358 facilem
999 1291 1375 1379 habentcxplicationem

259 1419 318 1486 per
333 1397 486 1483 temporis
503 1400 643 1484 spatium
659 1400 741 1464 inter
757 1398 841 1464 hunc
857 1406 888 1466 et
903 1400 975 1466 illos
991 1399 1201 1486 interiectum,
1218 1422 1374 1485 quoquae

258 1506 493 1589 inelegantiora
509 1506 582 1571 visa
597 1514 670 1572 sunt
686 1514 783 1592 poeta
799 1504 913 1590 lugere
935 1507 1108 1572 consuevit.
1140 1506 1279 1591 denique
1296 1529 1373 1574 1616

257 1633 351 1678 nemo
376 1615 431 1694 qui
453 1612 569 1678 librum
595 1614 738 1696 quintum
762 1613 863 1678 1111616
887 1615 992 1678 6111166
1017 1614 1104 1697 leget
1133 1610 1196 1679 non
1220 1622 1374 1698 agnoscet

257 1718 344 1784 idem
362 1718 447 1804 quod
463 1719 495 1785 iu
521 1720 635 1785 ceteris
660 1719 819 1804 Propertii
843 1720 1037 1786 carminibus
1061 1721 1221 1786 ceruimus
1246 1721 1373 1787 dicendi

258 1845 360 1910 genus
377 1825 486 1912 paullo
502 1825 581 1890 illud
598 1825 759 1890 difficilius
773 1831 808 1908 et
823 1825 1025 1911 laboriosior,
1049 1827 1108 1892 sed
1131 1849 1232 1911 grave
1256 1835 1288 1894 61
1303 1847 1373 1896 ncr-

257 1955 379 2000 vosum.
415 1952 519 2026 ¹quem
536 1938 644 1997 tamen
661 1935 763 1998 locum
780 1953 864 1998 nunc
880 1933 1041 2018 copiosius
1065 1919 1289 2020 persecuturus
1310 1955 1373 2000 non

257 2061 338 2123 sum,
360 2041 550 2124 pracsertim
573 2062 643 2106 cum
669 2041 899 2123 Hertzbergius
920 2041 936 2104 I
960 2047 1219 2126 11111114-186
1245 2042 1372 2126 singula

257 2146 498 2228 aequabilitatis
530 2148 680 2232 exempla
711 2153 761 2212 sat
788 2148 888 2212 multa
916 2147 1139 2232 composuerit.
1191 2148 1242 2213 hic
1272 2149 1370 2214 verbo

256 2259 380 2318 tantum
397 2253 532 2318 monebo
556 2253 596 2318 de
613 2253 754 2319 ablativo
777 2253 832 2319 1116
856 2273 934 2318 1616
950 2253 1160 2338 Propertiano
1185 2256 1239 2339 qui
1259 2262 1294 2320 ut
1315 2255 1372 2338 lIl,

260 2359 332 2444 18b,
348 2363 407 2442 263
430 2360 485 2443 IV,
502 2365 531 2444 6,
548 2365 603 2442 243
625 2363 677 2444 22,
697 2355 1169 2445 16,1611161111161161116,
1188 2367 1245 2443 111;
1262 2367 1311 2444 lb,
1324 2364 1371 2426 18.

345 2467 404 2532 Η16
421 2467 518 2550 igitur
534 2468 640 2534 causis
657 2467 853 2552 adducimur,
877 2451 980 2534 ut'vcl
996 2466 1292 2554 11661Η6111116161111
1307 2465 1371 2531 dis·

254 2573 453 2658 putationem
472 2575 569 2639 ctiam
587 2575 703 2638 librum
720 2575 873 2658 quintum,
889 2575 943 2656 qui
960 2576 1030 2660 ipse
1044 2575 1081 2658 V,
1095 2581 1120 2657 l,
1137 2578 1177 2640 63
1195 2595 1241 2656 sq.
1258 2572 1372 2638 Umbri

256 2689 371 2767 poetae
387 2701 503 2746 nomen
519 2681 580 2747 sibi
596 2680 746 2764 vindicet,
762 2701 825 2745 non
842 2680 962 2758 editum
977 2680 1116 2764 quidem,
1133 2686 1166 2744 61
1182 2680 1336 2764 scriptum
1352 2699 1372 2742 6

256 2789 423 2873 Propertio
441 2807 629 2852 censeamus
646 2793 881 2872 praetercarm.
891 2787 928 2871 V,
941 2791 985 2851 16.
1016 2787 1102 2868 quod
1118 2794 1225 2852 tamen
1240 2806 1372 2854 carmen

255 2900 289 2959 ut
313 2894 374 2961 sibi
397 2895 584 2981 inscriptum
609 2893 796 2979 Propertius
821 2895 905 2958 inter
928 2892 1063 2960 schedas
1088 2915 1163 2960 suas
1185 2897 1371 2978 reposuisse

256 3001 435 3068 credendus
453 3009 509 3066 661.
545 2999 622 3067 inde
643 3008 787 3068 autema
802 3000 945 3066 librariis
970 2999 1085 3082 quibus
1101 3000 1173 3067 illos
1189 3000 1371 3067 describen-

255 3107 314 3174 das
338 3107 537 3174 tradiderant
561 3107 665 3193 amici,
696 3128 767 3172 oum
791 3106 907 3172 mortui
932 3114 1049 3191 poetae
1078 3108 1222 3173 carmina
1245 3106 1372 3174 edenda

255 3222 412 3298 curarunt,
429 3235 493 3279 una
509 3236 587 3280 cum
596 3215 698 3300 ipsius
708 3211 924 3298 elegiis-illud,
936 3214 1088 3280 emissum
1102 3217 1267 3298 semelque
1284 3216 1371 3281 evul-

254 3327 365 3404 gatum
386 3321 505 3387 deinde
530 3341 589 3407 per
613 3323 742 3386 saecula
766 3319 990 3384 circumlatum
1019 3326 1068 3386 est
1096 3342 1167 3386 cum
1192 3321 1307 3387 ceteris
1331 3321 1372 3387 de

255 3426 395 3512 Cynthia
412 3427 535 3511 elogiis,
551 3427 740 3510 quibuscum
756 3427 826 3512 ipso
843 3435 1034 3508 argumento
1052 3448 1208 3494 conexum
1226 3434 1283 3495 est.

649 3555 966 3562 —-—-—---—.-—-.

343 3643 443 3709 Totus
468 3640 535 3706 1616
559 3640 611 3705 hic
632 3641 762 3711 libellus
786 3642 873 3726 typis
898 3661 1071 3727 expressus
1094 3648 1178 3725 erat,
1202 3662 1272 3706 cum
1296 3639 1372 3705 mihi

254 3748 355 3811 allata
379 3746 863 3833 estPropertiiGynthia
887 3770 972 3813 oum
997 3749 1108 3812 libro
1136 3755 1285 3830 quarto
1303 3748 1372 3831 qui

253 3852 1373 3938 Ρ161161111116111111616111161161111111660611111166

252 3961 324 4046 ipso
348 3981 430 4026 auno
446 3962 562 4045 Hagac
579 3953 737 4027 Comitum
762 3961 858 4028 edita.
904 3961 932 4028 is
956 3968 1062 4026 autem
1079 3983 1130 4046 pp.
1146 3959 1287 4024 XXXIV
1304 3979 1373 4042 sqq.

253 4074 351 4136 totum
376 4068 492 4134 librum
524 4069 666 4152 quintum
693 4075 822 4152 practer
846 4068 986 4150 elegiam
1010 4068 1211 4134 undecimam
1229 4068 1370 4152 spurium

254 4181 285 4241 et
302 4196 397 4240 carm.
415 4176 456 4259 V,
484 4181 495 4238 l
518 4181 573 4254 (11
594 4173 736 4259 1—70.),
767 4179 800 4257 2,
818 4180 850 4257 4,
868 4179 901 4257 6,
918 4181 952 4258 9,
973 4181 1010 4239 ld
1027 4195 1047 4238 a
1063 4173 1195 4258 Sabino,
1220 4187 1314 4257 quem
1339 4179 1373 4236 ut

253 4281 409 4355 fastorum
433 4282 620 4377 scriptorem
644 4286 799 4352 memoret
823 4278 957 4347 Ovidius
981 4301 1022 4352 cx
1045 4279 1147 4348 Ponto
1171 4281 1231 4364 IV,
1259 4287 1296 4346 16
1322 4301 1372 4346 11.
