3192 5154
830 387 869 448 16

291 559 504 647 aPropertio
537 561 717 646 commissa,
748 559 908 644 significat
939 562 1082 647 proiecto
1114 584 1149 629 se
1180 560 1406 632 Andromedae

290 668 611 754 Hypermestraeque
628 665 669 731 de
685 685 795 732 amore
811 687 869 733 suo
886 667 1024 732 locutam
1041 687 1123 735 esse.
1169 677 1264 752 atque
1289 671 1407 736 similia

291 774 387 840 etiam
412 774 454 839 ab
477 773 542 839 illis
565 779 697 837 narrata
720 791 791 838 esse
815 772 931 838 docent
955 795 1005 838 vv.
1023 778 1064 839 63
1082 795 1149 857 sqq.
1195 774 1277 840 hanc
1300 783 1407 842 autem

292 879 525 967 expositionem
542 879 700 944 sententia
715 879 862 961 generali
878 878 999 944 claudit
1016 901 1050 945 v,
1075 885 1133 946 69:
1163 901 1239 946 nam
1263 881 1336 948 huic
1359 884 1406 950 rei

290 986 426 1052 inservit
455 993 497 1050 sic
535 985 705 1072 particula.
763 1004 847 1066 quae
884 985 912 1051 si
951 1005 1028 1051 vere
1064 992 1254 1072 statuuntur,
1293 1011 1407 1054 amora

290 1111 408 1157 nomen
437 1109 561 1175 sanum,
592 1090 652 1158 sed
682 1089 886 1156 scribendum
918 1097 967 1156 cst
993 1098 1072 1157 citae
1092 1113 1252 1158 sonamus
1282 1117 1406 1160 amores.

291 1197 432 1264 similem
447 1196 580 1283 protulit
595 1197 788 1262 sententiam
806 1196 847 1262 da
868 1197 1055 1264 mulieribus
1079 1198 1167 1284 apud
1190 1200 1309 1266 inferos
1334 1222 1405 1267 oon-

290 1303 436 1388 gregatis
457 1302 643 1388 Propertius
659 1303 717 1386 ΠΙ,
741 1306 793 1385 28,
818 1307 869 1367 27.
914 1310 1057 1370 ceterum
1074 1304 1114 1370 de
1130 1305 1170 1370 N.
1186 1305 1257 1371 visa
1277 1305 1308 1369 S.
1325 1307 1406 1373 etde

291 1409 327 1472 R.
344 1409 415 1475 visa
431 1409 534 1474 11111.
548 1407 718 1475 Ribbeckii
734 1408 827 1494 proll.
843 1408 941 1492 Verg.
964 1432 995 1495 p.
1020 1415 1092 1474 250.
1138 1410 1210 1476 hine
1233 1418 1341 1477 autem
1364 1411 1404 1476 de

289 1523 390 1581 mortis
420 1521 549 1580 lacrimis
579 1513 654 1597 quid
685 1513 893 1579 iudicandum
918 1514 968 1600 sit,
1006 1515 1131 1583 facilius
1163 1518 1405 1603 perspiciemus.

291 1621 467 1707 probabilis
484 1621 568 1686 caim
585 1627 617 1686 et
632 1619 714 1686 adeo
731 1641 887 1706 expressa
903 1641 920 1686 e
934 1621 1103 1687 mulierum
1117 1629 1232 1687 natura
1248 1624 1406 1689 sententia

291 1728 410 1812 evadit,
434 1728 461 1795 si
486 1727 603 1792 misere
627 1726 834 1792 lacrimantes
850 1748 925 1794 suos
947 1727 1031 1792 inter
1046 1747 1081 1793 se
1105 1747 1232 1794 amores
1255 1747 1405 1796 narrasse

291 1835 438 1901 dicuntur
445 1834 567 1919 probae
576 1853 702 1898 uxores.
725 1832 967 1917 apparetigitur
975 1832 1008 1896 in
1017 1834 1167 1916 genetivo
1175 1833 1231 1899 illo
1240 1835 1341 1902 latere
1349 1834 1405 1900 ad-

290 1941 442 2008 ieotivum
452 1939 537 2024 quod
546 1939 586 2004 de
599 1939 739 2004 lacrimis
748 1938 812 2003 dici
826 1939 935 2024 possit.
966 1939 1051 2022 quod
1068 1946 1175 2005 tamen
1187 1961 1250 2006 non
1263 1942 1407 2026 repperit

291 2047 442 2114 Heinsius
458 2045 627 2112 scribendo
643 2052 715 2111 ortis
721 2069 733 2121 ;
752 2065 827 2109 nam
852 2044 911 2110 hoo
927 2051 1013 2112 recte
1029 2043 1145 2112 dicitur
1161 2045 1202 2111 de
1219 2048 1266 2114 eis
1283 2047 1338 2130 qui
1354 2068 1405 2113 su·

291 2155 356 2218 bito
372 2153 492 2219 obortis
512 2151 653 2218 lacrimis
670 2152 824 2236 locuntur,
847 2171 951 2234 neque
967 2173 1044 2218 vero
1062 2151 1103 2218 de
1119 2153 1305 2219 mulieribus
1322 2173 1406 2236 quae

291 2261 406 2342 longas
437 2256 683 2324 lamentationes
721 2256 887 2322 effundere
922 2259 1034 2324 solent.
1086 2259 1227 2344 itemque
1258 2259 1407 2344 displicet

289 2372 408 2430 moestis
422 2363 508 2447 quod
521 2365 722 2430 Burmannus
739 2363 835 2429 scribi
850 2365 952 2450 iussit,
969 2365 1045 2447 quia
1054 2367 1231 2434 sententiae
1239 2368 1314 2433 novi
1327 2365 1406 2432 nihil

292 2471 390 2538 addit.
437 2492 497 2555 ego
514 2477 613 2536 totum
631 2491 760 2538 versum
778 2471 824 2537 sic
839 2471 1098 2538 reformaverim:

439 2583 451 2628 '-
470 2584 513 2642 sic
527 2583 622 2642 multis
637 2583 765 2642 lacrimis
779 2584 856 2644 vitoe
870 2601 1030 2644 oorromus
1045 2602 1168 2646 oraorcs.
1185 2619 1226 2628 —

291 2683 435 2750 eiusdem
460 2683 591 2766 generis
621 2682 739 2749 addam
770 2684 868 2749 alium
896 2684 1000 2750 locum
1025 2685 1062 2769 V,
1090 2689 1120 2769 2,
1144 2691 1194 2750 42.
1241 2686 1296 2751 ubi
1319 2682 1406 2767 quod

291 2788 423 2856 codices·
433 2789 598 2855 exhibent:
1091 2785 1102 2792 ”

514 2902 663 2960 tortorum
679 2901 709 2958 io
724 2900 859 2960 manitas
874 2903 953 2962 dono
963 2901 1095 2976 probata
1110 2903 1181 2960 meis

291 3001 334 3066 ad
349 3001 456 3067 hortos
465 3001 633 3067 Vertumni
642 3022 739 3066 manu
747 3001 818 3068 sive
831 3001 1014 3068 artificioet
1031 3002 1116 3067 cultu
1134 3003 1216 3066 bene
1232 3007 1357 3066 curatos
1374 3007 1406 3066 et

291 3109 395 3174 laetos
404 3108 524 3174 fructus
534 3107 673 3174 ferentes
683 3130 754 3174 oum
763 3108 887 3174 Jacobo
896 3107 1018 3174 referre
1026 3128 1089 3172 non
1098 3108 1180 3172 licet
1207 3107 1407 3188 nequeenim

292 3221 348 3280 aut
360 3215 517 3300 probandi
527 3215 625 3282 verbo
634 3214 715 3280 haec
723 3215 810 3279 notio
820 3221 868 3280 est
877 3220 932 3278 aut
940 3220 970 3277 io
978 3213 1177 3298 praepositio
1186 3212 1262 3276 addi
1271 3219 1407 3297 poterat.

292 3320 417 3386 accedit
434 3320 518 3403 quod
535 3340 647 3386 versus
664 3327 836 3400 sequentes
849 3319 1060 3384 Vertumnum
1076 3318 1183 3403 potius
1199 3319 1286 3402 loqui
1303 3325 1406 3385 osten-

292 3427 370 3493 dunt
379 3425 420 3492 de
428 3426 582 3497 fructibus
591 3425 645 3509 qui
654 3425 717 3510 ipsi
727 3425 809 3490 dono
819 3425 946 3506 dentur3
961 3424 1102 3510 elapsae
1111 3427 1282 3492 esterisvv.
1292 3431 1401 3509 45sq.:

495 3554 549 3598 acc
562 3541 620 3614 fios
635 3540 711 3596 ailus
726 3539 789 3596 iiiut
798 3539 906 3612 protis,
922 3538 992 3612 quio
1007 3539 1055 3597 ilie
1070 3540 1205 3599 decenter
1221 3527 1223 3532 ’

547 3645 689 3719 inpositas
700 3645 796 3717 fronti
811 3646 953 3718 loopueot
968 3651 1037 3704 cote
1058 3661 1150 3704 mccc.

294 3765 358 3828 qua
381 3743 421 3809 de
445 3764 542 3810 causa
565 3764 634 3809 oum
653 3743 811 3828 probandi
828 3745 962 3810 verbum
987 3765 1083 3811 sensu
1107 3752 1236 3827 eareat.
1253 3744 1407 3828 scriptum

293 3852 368 3916 olim
386 3849 485 3915 luisse
502 3851 647 3935 suspicor
663 3859 768 3915 locuto.
815 3872 877 3934 quo
900 3853 1000 3918 verbo
1023 3852 1056 3916 in
1079 3851 1178 3916 simili
1200 3869 1235 3914 re
1259 3870 1335 3914 usus
1359 3856 1408 3914 est

294 3957 437 4022 Catullus
455 3960 506 4038 65,
522 3960 562 4019 21
581 3976 645 4038 sq.:

981 4071 1097 4140 motam

481 4175 562 4246 qaod
574 4173 701 4233 oriscroc
714 4174 822 4234 oblitos
836 4177 914 4235 molli
927 4174 981 4235 sub
996 4181 1074 4234 ceste
1089 4178 1223 4245 locutum,

534 4281 601 4342 dum
618 4281 745 4340 aduentu
760 4283 862 4340 matris
871 4282 998 4356 prosilit,
1015 4283 1165 4341 excutitur.
