3224 5154
466 1160 468 1170 J
585 1111 589 1118 ,
621 1055 778 1179 Caput
808 1000 936 1154 l'lls
978 1163 981 1166 ,

238 1315 491 1398 elegiarum
518 1271 625 1399 quae
650 1315 797 1400 quinto
817 1315 1025 1422 Propertii
1051 1273 1158 1386 libro
1176 1331 1284 1387 com·
1313 1361 1317 1370 ,

242 1440 571 1522 prehenduntur
610 1447 652 1510 et
693 1433 985 1522 dispositiones
1021 1443 1064 1510 et
1103 1438 1283 1508 rationes

479 1561 714 1647 strophicne
739 1563 1041 1632 describuntur.

294 1811 474 1921 Postquam
496 1839 530 1904 in
549 1841 735 1905 universum
756 1838 931 1905 carminum
952 1844 1130 1920 nostrorum
1156 1838 1324 1904 consilium

209 1944 475 2030 significavimus,
505 1966 589 2011 nunc
620 1946 995 2031 quibuspartibus
1027 1964 1169 2013 corum
1200 1963 1325 2030 argu-¹

209 2050 1322 2138 montadistributasintdispositionibusstrationi-

209 2158 531 2244 busstrophicis
555 2160 765 2244 expositis
789 2157 1176 2224 demonstrabimus.
1222 2177 1322 2240 quare

141 2312 144 2318 .
209 2261 290 2327 haec
305 2264 448 2329 earmina
471 2286 534 2330 non
557 2267 661 2330 solum
676 2266 823 2331 absoluta
839 2265 907 2330 fere
923 2265 1040 2348 omnia,
1062 2263 1122 2350 sed
1139 2263 1235 2328 etiam
1252 2283 1322 2328 ver·

206 2369 301 2460 sibus
318 2375 373 2433 aut
389 2371 530 2436 traiectis
546 2378 602 2435 aut
618 2372 729 2440 eiectis
745 2371 954 2454 probabiliter
978 2369 1149 2436 emendata
1165 2389 1238 2435 esse
1254 2368 1323 2434 fore

213 2494 308 2558 spero
325 2482 359 2540 ut
376 2475 541 2540 evincatur
549 2477 590 2557 *Jc
621 2497 696 2541 narn
720 2477 753 2540 in
769 2476 966 2561 imperfectis
982 2477 1134 2562 operibus
1150 2476 1326 2542 concinnae.

213 2581 385 2665 partesvix
395 2582 600 2652 inveniuntur
615 2602 720 2665 neque
730 2603 807 2648 casu
822 2581 865 2668 fit,
881 2590 916 2647 ut
924 2583 1051 2648 omissis
1060 2583 1112 2647 vel
1120 2583 1329 2668 transpositis-

212 2686 402 2768 quibusdam
431 2687 578 2753 versibus
609 2693 714 2754 certus
743 2688 948 2774 stropharum
975 2686 1053 2753 ordo
1078 2686 1204 2754 evadat.
1249 2707 1324 2752 nam

211 2791 358 2875 quamvis
373 2793 529 2858 incertum
546 2795 728 2870 etiamnunc
744 2795 786 2860 de
802 2794 1131 2881 strophicaeertorum
1148 2794 1323 2860 carminum

211 2900 415 2981 antiquorum
438 2883 668 2986 compositione
696 2902 737 2967 sit
752 2900 913 2985 iudicium,
929 2907 1046 2966 tamen
1070 2904 1103 2964 ut
1125 2901 1218 2966 nobis
1240 2920 1324 2965 nunc

212 3012 309 3089 patet,
325 3006 371 3070 ita
387 3026 427 3070 ne
444 3006 592 3089 antiquos
609 3007 739 3090 quidem
756 3014 867 3093 poetas
883 3009 971 3093 ipsos
988 3006 1111 3090 fugisse
1125 3007 1176 3072 vel
1193 3012 1324 3092 propter

210 3111 427 3196 probabilium
443 3114 663 3197 exemplorum
679 3098 915 3180 multitudinem
930 3112 1076 3199 putanda
1087 3117 1143 3178 est.
1174 3112 1323 3178 nimirum

208 3211 308 3301 illam,
324 3218 351 3283 si
367 3217 465 3284 insita
480 3220 601 3308 ingenii
618 3219 650 3285 vi
666 3220 750 3284 nacti
767 3227 850 3304 sunt,
867 3239 950 3302 quae
967 3217 1096 3302 quidem
1113 3218 1219 3304 opinio
1236 3240 1324 3304 pror·

209 3345 263 3392 sus
280 3332 374 3391 'certe
389 3325 561 3392 ¹reicienda
584 3347 647 3392 non
671 3331 728 3408 cst,
759 3332 953 3391 tamennon
981 3324 1083 3411 potuit
1107 3323 1178 3389 fieri
1205 3330 1324 3389 utnon

210 3431 505 3504 animadverterent
521 3440 553 3498 et
562 3433 742 3518 expolireut
758 3439 969 3499 retractantes
979 3432 1124 3497 carmina
1138 3431 1172 3495 in
1187 3430 1323 3496 schedas
1381 3463 1389 3476 ·

210 3534 361 3599 coniecta.
407 3538 456 3634 sin
480 3545 586 3628 autem
612 3519 801 3604 scholastico
825 3559 893 3621 usu,
917 3539 1006 3604 cuius
1029 3536 1118 3622 apud
1133 3543 1246 3621 poetas
1262 3536 1323 3601 Ro·

209 3661 322 3706 manos
345 3662 424 3726 prae
439 3642 563 3733 ceteris
588 3664 740 3727 magnum
773 3649 843 3708 erat
873 3648 1079 3726 momentum,
1109 3642 1162 3707 vel
1193 3648 1324 3727 propter

207 3746 338 3814 modum
354 3753 388 3813 et
402 3767 562 3830 numeros,
579 3748 694 3830 quibus
703 3749 890 3831 aequabiles
900 3749 1193 3832 carminumpartes
1202 3743 1323 3813 maiore

208 3853 316 3937 'gratia
331 3859 492 3948 aptantur,
508 3854 596 3918 illam
612 3854 743 3939 proprio
760 3854 865 3920 studio
881 3855 1084 3939 affectabant,
1104 3853 1211 3937 magis
1227 3854 1323 3919 etiam

207 3940 250 4005 ad
272 3949 415 4008 nostram
440 3941 481 4008 de
510 3941 655 4027 perfecta
680 3948 712 4008 et
735 3943 882 4010 absoluta
912 3942 1024 4009 horum
1053 3943 1232 4008 carminum
1253 3949 1322 4007 arte

208 4049 399 4114 sententiam
407 4047 643 4115 defendendam
656 4048 710 4113 ubi
727 4049 1025 4117 iuveniturconierb
1057 4056 1198 4114 ceterum
1214 4054 1324 4117 nostra

233 4241 236 4246 ’
278 4225 305 4292 *J
318 4225 499 4282 Haecautcm
516 4225 557 4282 ita
576 4225 664 4295 accipi
684 4225 748 4280 nolo
768 4227 848 4295 quasi
866 4226 1010 4296 quaesitae
1028 4225 1222 4296 responsionis
1239 4240 1324 4282 causa

89 4341 96 4352 ·
206 4326 329 4384 unquam
341 4327 441 4368 versus
453 4319 503 4374 aut
515 4314 688 4370 (lamnandos
701 4321 751 4370 ans
763 4316 990 4390 transponendos
1003 4331 1139 4376 censeant
