3224 5154
657 379 802 468 ⁴cr

296 573 323 623 g.
336 555 450 622 Ingeret
462 551 565 620 apriles
574 537 641 604 ieie
650 549 711 617 tibi,
724 549 826 626 tundat
838 547 957 618 Amycle

369 642 489 696 natatem
502 640 584 692 maiis
596 635 689 693 idibus
702 655 763 710 esse
777 645 863 692 tuunr.

333 731 436 785 ianitor
454 729 490 784 ad
504 729 602 784 dantes
615 728 729 796 vigilet:
745 727 769 781 si
782 727 876 796 pulset
889 726 988 800 inanis,

369 819 470 872 surdus
484 819 512 872 in
527 819 677 872 obductam
691 816 810 871 somniet
822 829 910 883 usque
924 831 1021 868 seram.

288 967 323 1016 at
338 963 397 1016 Nec
407 961 459 1016 tibi
473 961 621 1032 displiceat
632 960 712 1015 rniies
725 975 782 1014 non
794 958 885 1014 factus
899 957 994 1026 amori,

284 1057 290 1062 “
342 1119 347 1132 Ι
370 1057 456 1109 naute
469 1067 521 1104 nec
534 1050 630 1104 attrita
643 1045 752 1108 riserat
765 1063 829 1100 aera
842 1063 934 1114 manu,

294 1175 305 1186 r
334 1145 383 1193 aut
395 1153 513 1208 quorum
525 1140 624 1193 titulus
637 1155 689 1208 per
700 1137 820 1190 barbara
833 1135 904 1188 colla
917 1135 1060 1204 pependit,

370 1229 469 1282 caelati
482 1229 573 1282 medio
587 1245 649 1284 oum
662 1227 769 1280 saluere
782 1224 854 1282 soro.

270 1343 274 1350 ¹
334 1321 431 1372 euroni
444 1322 580 1386 spectato,
594 1333 649 1373 non
663 1327 735 1386 quae
747 1330 846 1368 manns
860 1313 958 1368 offerat
971 1329 1076 1370 euroni,

371 1407 500 1467 versibus
513 1397 618 1460 auditis
631 1405 699 1472 quid
711 1403 766 1457 nisi
779 1397 866 1456 vertis
878 1402 971 1456 seres?

277 1495 280 1500 ’
336 1495 384 1562 qui
397 1509 504 1560 versus,
519 1493 592 1546 Coae
606 1493 715 1546 dederit
728 1508 778 1546 nee
791 1507 904 1557 munera
918 1491 1013 1556 vestie,

350 1639 357 1648 ,
371 1583 453 1635 istius
466 1581 519 1635 tibi
532 1581 569 1634 sit
582 1581 666 1634 surda
680 1579 740 1634 sine
754 1595 817 1634 aere
830 1580 919 1648 lyre.“

241 1763 284 1818 13¹.
298 1761 388 1814 titiis
407 1759 531 1814 animum'
547 1761 659 1812 nostrae
680 1757 744 1810 dum
763 1755 859 1812 verset
876 1755 1015 1810 Acanthis
1033 1756 1145 1822 seriose,
1192 1771 1199 1780 ’

370 1849 480 1902 horruit
492 1848 598 1916 algenti
610 1845 728 1915 pergula
741 1851 820 1900 curta
832 1845 904 1900 foco.
1009 1847 1014 1854 “
1038 1917 1042 1924 .

338 1938 388 1991 sed
401 1953 469 2006 cane
483 1941 638 2005 torquatos,
651 1935 750 1992 Venus
762 1936 897 2003 oregine,
911 1936 1055 2008 columboe

277 2084 294 2128 ,
372 2027 408 2079 ob
422 2026 549 2082 meritum
562 2031 626 2079 ante
639 2031 705 2078 tuos
717 2029 832 2092 gutture
845 2028 922 2078 secta
933 2023 1021 2078 focos.

300 2170 328 2224 b.
341 2168 408 2224 Vidi
421 2183 474 2236 ogo
487 2183 591 2236 rugoso
604 2167 704 2225 tussim
718 2181 895 2222 concrescere
909 2166 991 2233 collo,

262 2315 273 2321 ,
372 2263 510 2326 opumque
523 2273 574 2326 per
587 2253 685 2310 dentes
697 2256 738 2311 ire
752 2261 867 2311 cruenta
880 2269 974 2324 cavos,

337 2351 420 2414 atque
439 2345 558 2398 animem
577 2345 605 2398 in
624 2351 732 2412 tegetes
750 2352 861 2414 putrem
879 2345 1006 2413 expirare
1026 2351 1173 2413 paternas3

315 2419 320 2502 J
374 2416 494 2503 ossaque
508 2440 670 2503 pertenues
684 2438 749 2488 sunt
761 2416 905 2486 numerata
918 2438 1004 2489 cutes.

304 2593 326 2629 c.
346 2575 488 2644 Exequiee
502 2575 613 2628 fuerent
624 2574 681 2628 rari
693 2574 798 2629 furtiva
811 2574 905 2641 capilli

374 2663 485 2718 vincula
499 2669 527 2717 et
540 2664 681 2716 immundo
694 2663 801 2734 pallide
814 2663 895 2716 mitra
908 2663 973 2729 situ,

339 2758 367 2807 et
380 2753 457 2806 canis
470 2752 499 2805 in
512 2756 625 2805 nostros
638 2751 720 2805 nimis
734 2758 899 2821 experrecto
912 2752 1033 2819 dolores,

374 2858 436 2895 cnm
448 2841 570 2894 fallendo
582 2856 644 2893 meo
657 2839 759 2918 pollice
773 2841 859 2894 clatra
875 2839 976 2894 forent.

245 3021 293 3074 Ar.
315 3069 322 3078 n
343 3019 386 3076 sit
398 3019 521 3072 tumulus
534 3018 613 3072 lenae
626 3023 706 3071 curto
719 3023 801 3072 votus
814 3016 948 3086 amphora
961 3019 1050 3074 collo:

376 3112 475 3177 urgeat
487 3108 560 3161 huno
573 3121 658 3175 supra
671 3106 723 3172 vis,
737 3101 874 3174 caprifico,
888 3112 945 3162 tus.

340 3183 468 3266 qnisquis
480 3211 565 3264 omas,
582 3195 688 3250 scabris
702 3195 755 3248 hoc
767 3196 880 3249 bustum
894 3195 1001 3252 caedite
1013 3196 1099 3263 saxis,

374 3285 515 3354 mixtaque
528 3301 589 3338 cum
602 3285 677 3338 saxis
691 3285 785 3339 addite
799 3285 886 3339 verbs
898 3284 977 3338 malo.

285 3941 288 3946 Δ
325 3851 432 3933 Atque
448 3857 483 3914 ut
500 3850 541 3914 nb
565 3851 614 3915 cis
630 3852 742 3934 elegiis
760 3853 967 3922 exordiamur
990 3873 1075 3935 quae
1098 3853 1141 3918 ad
1164 3853 1349 3938 periegesin

182 3957 184 3962 ’
236 3958 324 4028 urbis
336 3957 463 4024 Romae
480 3961 635 4042 spectant,
658 3977 772 4022 eorm.
789 3961 826 4044 V,
846 3967 892 4043 is,
909 3959 994 4042 quod
1010 3982 1061 4025 vv.
1074 3966 1087 4024 1
1102 3998 1140 4011 -
1153 3963 1194 4023 70
1211 3960 1349 4028 exclusis

236 4085 288 4127 vv.
304 4067 344 4127 33
356 4067 459 4146 -363
490 4067 628 4142 39-54
638 4085 646 4145 3
673 4069 713 4128 65
728 4085 776 4148 sq.
793 4074 939 4132 constare
956 4065 1104 4150 vidimus,
1126 4088 1216 4142 sacro
1232 4073 1351 4147 dtesm
1391 4062 1395 4070 ’

235 4180 264 4234 et
278 4176 452 4248 cofflrnmino
460 4177 566 4250 prisca
582 4160 710 4236 locorum
719 4176 760 4249 (v.
770 4177 824 4254 69)
834 4179 866 4238 et
880 4181 994 4240 moenia
1008 4179 1049 4253 (v.
1060 4177 1114 4252 57)
1123 4173 1211 4240 urbis
1227 4174 1351 4241 Romae

233 4295 271 4342 se
288 4280 487 4343 cantaturum
504 4295 577 4342 esse
595 4277 711 4344 ceteris
728 4278 872 4344 eiusdem
887 4280 1017 4364 generis
1037 4280 1151 4364 elegiis
1163 4279 1351 4410 {ropertius

829 4409 831 4412 -
1140 4376 1160 4434 5
