3192 5154
756 399 884 466 ,30

305 572 467 660 ‘excipitur
482 597 534 642 vv.
550 577 591 642 69
607 595 685 659 sqq.
702 575 817 659 quibus
841 575 1036 641 carminibus
1060 571 1160 660 epicis
1183 574 1335 644 valedicit
1358 573 1423 642 alia
1461 636 1468 648 .

308 689 492 750 cantaturus
508 702 612 764 eaque
632 683 764 748 leviora:
810 701 988 764 quaecum
1012 681 1154 747 1161616
1185 681 1336 768 babeant,
1360 683 1422 750 duo

309 791 451 855 carmina
474 788 706 873 separabimus,
734 788 870 854 alterurn
891 787 980 870 quod
1003 807 1054 853 vv.
1082 793 1203 854 1-1o
1224 792 1256 855 ct
1279 795 1320 856 69
1345 811 1423 874 sqq,

309 896 446 962 alterum
464 894 549 977 quod
564 915 616 960 11.
636 901 672 959 11
685 931 726 942 -
736 897 777 960 63
795 891 972 976 conticitum
1001 900 1104 978 utque¹
1119 893 1200 960 illud
1220 894 1280 962 hac
1294 904 1371 963 nota
1386 898 1423 980 V,

309 1007 360 1087 bc,
376 1001 436 1067 hoc
452 1000 513 1066 tali
526 1001 564 1085 V,
581 1001 623 1066 6b
639 1000 703 1066 iam
720 999 964 1084 distinguamus.
1010 1033 1013 1039 ·

399 1105 601 1176 Carminibus
617 1113 724 1172 61116111
730 1125 906 1192 perperam
922 1107 1005 1172 inter
1020 1126 1056 1172 sc
1065 1106 1204 1174 confusis
1213 1109 1335 1174 similes
1351 1116 1425 1174 sunt

309 1203 1423 1308 versuumi'nsinguliselegiisipsistranspositiones.

310 1327 407 1403 atque
424 1341 496 1386 curn
519 1339 622 1405 nuper
637 1318 718 1386 duce
733 1319 874 1385 Diltheio
891 1319 932 1386 de
949 1318 1137 1384 Callimachi
1154 1315 1306 1405 Cydippe
1321 1341 1350 1404 p.
1362 1325 1423 1386 106

309 1427 379 1492 11116
395 1433 467 1512 post
483 1447 513 1491 v.
530 1429 570 1490 71
586 1425 887 1508 transmigraverint
902 1426 940 1510 V,
964 1431 983 1492 9
1001 1447 1052 1492 11.
1071 1430 1107 1490 71
1129 1447 1185 1510 sq,
1200 1427 1263 1509 ipsi
1279 1425 1423 1492 ciusdem

311 1533 462 1599 carminis
478 1553 529 1599 vv.
547 1537 587 1598 65
605 1552 670 1614 sq.:

474 1647 601 1720 copulas
616 1645 663 1703 bic
678 1645 780 1704 1111111111
793 1659 871 1704 nuuc
882 1661 928 1703 me
939 1659 1004 1704 mcc
1016 1639 1265 1718 fctutrabentem
1283 1675 1287 1684 ·

434 1747 445 1768 '
543 1751 667 1824 acepit:
683 1751 758 1809 boec
769 1751 853 1824 fesso
866 1751 917 1809 111
930 1751 1000 1809 mibi
1015 1757 1193 1825 1611666161

310 1852 387 1935 quin
403 1851 543 1916 alienam
565 1850 675 1916 sedem
693 1852 920 1935 occupaverint
935 1870 999 1916 non
1023 1850 1215 1917 dubitamus.
1253 1851 1424 1917 Hertzber-

310 1957 383 2040 gius
408 1957 563 2041 explicari
587 1977 717 2028 causam
748 1977 809 2036 cur,
834 1967 901 2022 tam
933 1951 1090 2026 severum
1109 1957 1226 2042 puellis
1253 1956 1424 2040 imperium
1489 1963 1495 1972 '

311 2062 451 2130 ediderit
466 2063 624 2130 Hercules
639 2064 701 2129 sibi
717 2063 887 2147 persuasit,
910 2062 1140 2148 interpretatus
1156 2063 1211 2128 ille
1228 2062 1359 2145 quidem
1374 2070 1426 2128 uis

310 2170 502 2234 vocabulum
520 2169 560 2238 de
576 2171 687 2235 labore
705 2190 767 2252 quo
784 2192 804 2235 6
819 2170 1007 2236 mulieribus
1030 2169 1153 2236 aditum
1170 2169 1212 2234 ad
1235 2169 1339 2235 fontes
1351 2170 1425 2236 „ibi

312 2277 520 2362 expugnavit.
566 2282 600 2340 at
619 2275 692 2341 huic
715 2275 892 2342 sententiae
916 2278 1131 2362 oppugnat'et
1153 2276 1341 2342 hexameter
1362 2276 1425 2360 qui,

311 2383 460 2466 quamvis
477 2387 607 2465 propter
623 2381 807 2466 anaphoras
823 2382 958 2465 figuram
983 2384 1120 2449 similem
1145 2383 1336 2450 sententiam
1353 2402 1424 2447 con-

309 2488 411 2559 tinere
435 2486 608 2572 videretur,
639 2489 805 2554 tamenin
830 2489 927 2558 eliam
951 2497 1048 2572 atque
1072 2495 1282 2575 pentameter.
1298 2494 1425 2578 partem

312 2593 470 2678 tenderet,
487 2599 522 2659 et·
534 2594 601 2678 boc,
618 2594 703 2677 quod
712 2594 868 2660 Hercules
883 2616 946 2660 non
962 2602 1091 2680 terram,
1112 2596 1169 2662 sed
1185 2595 1305 2660 fontem
1321 2594 1427 2680 potius

303 2700 502 2770 mulieribus
523 2700 650 2785 eripuit.
696 2720 774 2783 ergo
798 2700 848 2766 his
871 2702 1017 2768 versibus
1033 2701 1295 2767 misericordiam
1320 2701 1426 2784 potius

310 2827 443 2873 movere
474 2806 653 2872 censendus
691 2815 740 2874 est
775 2808 892 2886 iniecta
930 2808 1075 2873 laborum
1107 2800 1273 2872 ‘mentione
1311 2806 1427 2888 quibus

310 2913 473 2984 confectus
489 2913 544 2978 vix
573 2913 608 2976 in
631 2913 759 2978 ltaliam
780 2915 914 2980 venerit.
959 2915 1053 2980 huius
1077 2920 1194 2980 autem¹
1208 2911 1331 2978 consilii
1355 2933 1426 2976 cum

308 3021 407 3084 nulla,
425 3020 467 3086 sit
484 3019 610 3084 'utilitas
626 3019 689 3085 nisi
708 3019 741 3083 in
758 3025 798 3086 ea
813 3017 957 3086 oratione
973 3043 1038 3108 qua
1061 3019 1286 3085 amulieribus
1307 3037 1426 3101 aquam

310 3126 399 3210 petit,
422 3125 499 3192 illuc
521 3125 553 3189 hi
574 3127 796 3192 versusbaud
813 3127 910 3208 dubie
926 3135 1000 3193 sunt
1024 3126 1213 3216 revocandi„
1243 3124 1427 3218 1611111616-

310 3251 385 3296 uam
415 3233 448 3296 in
476 3252 516 3297 66
544 3232 647 3298 locum
679 3219 880 3318 potissimum
906 3232 1099 3309 obtinuerint
1122 3231 1164 3296 ad
1187 3229 1428 3306 diiudicandum

109 3337 111 3342 ’
212 3395 214 3400 .
311 3336 473 3402 difficilius
497 3345 553 3402 611.
599 3339 675 3430 olim
689 3340 785 3404 'enim
809 3345 882 3424 post
895 3360 934 3403 v.
958 3341 1000 3402 36
1033 3337 1145 3401 inserti
1175 3335 1260 3399 iacta
1290 3334 1428 3399 latorum

312 3449 353 3524 (v.
371 3443 602 3536 dirimentione
619 3431 745 3530 optime*
763 3443 972 3509 transducere
994 3441 1071 3506 mihi
1095 3441 1157 3506 visi
1173 3439 1305 3506 suntad
1321 3459 1427 3504 rerum

312 3549 352 3614 ab
369 3550 509 3616 Hercule
524 3559 687 3634 gestarum
706 3549 939 3635 expositionem
957 3553 1020 3629 (vv.
1033 3552 1073 3611 37
1091 3553 1182 3629 sqq.).
1214 3545 1426 3616 1611616166-

312 3657 486 3722 tentiarum
498 3678 601 3723 nexus
617 3657 712 3722 nimis
729 3656 902 3740 quaesitus·
919 3660 967 3734 611
986 3673 1096 3735 neque
1111 3651 1206 3728 166116
1229 3653 1341 3724 lectori
1362 3653 1427 3726 elu-

313 3762 405 3832 cebit,
436 3762 553 3830 deindo
570 3761 998 3847 1111111111386611666111111
1015 3761 1204 3844 hosversns,
1220 3779 1259 3825 66
1267 3759 1429 3845 possimus

312 3869 443 3953 moveri,
464 3868 549 3952 quod
579 3870 625 3934 sic
652 3867 739 3931 haud
767 3867 876 3952 inepte
904 3865 1086 3949 significare
1116 3864 1245 3937 videtur
1273 3865 1429 3932 Hercules

313 3975 587 4058 eandemterram,
604 3993 699 4055 quarn
716 3973 791 4037 olim
809 3972 1023 4038 suishnmeris
1033 3973 1206 4058 sustulerit,
1222 3991 1305 4037 nunc
1318 3977 1429 4037 tamen

313 4081 374 4146 sibi
390 4081 446 4146 vix
460 4085 583 4165 patere.
630 4099 814 4161 quanquam
831 4100 882 4144 vv.
899 4083 939 4144 37
954 4117 991 4126 -
1003 4084 1040 4144 41
1061 4079 1142 4144 adeo
1163 4079 1247 4143 inter
1263 4099 1299 4146 16
1316 4079 1430 4144 conexi

313 4192 386 4251 sunt
407 4192 438 4251 61
461 4186 534 4270 ipsa
557 4184 715 4264 sententia
739 4191 772 4250 ct
791 4185 899 4250 verbis
929 4185 1050 4250 eisdem
1074 4185 1220 4270 repetitis
1244 4163 1428 4274 (616137

314 4297 442 4370 66111111;
473 4312 502 4355 1.
526 4294 770 4380 6916661161
800 4291 872 4356 aliis
896 4293 1025 4374 intrusis
1048 4293 1194 4377 separari
1217 4292 1273 4358 vix
1296 4274 1430 4377 possint.
