3224 5154
832 377 874 442 62

363 547 390 605 b.
404 548 469 604 Dixi
481 565 543 618 ego,
557 567 619 606 curn
630 549 757 619 gonripos
769 550 938 618 produceret
950 548 1036 606 Arria
1049 555 1141 619 natos,

436 637 495 702 (illa
508 638 594 700 dabat
606 639 679 693 natis
692 653 769 692 arma
780 642 892 692 vetante
905 631 991 704 deo.)'

401 742 459 779 non
473 741 557 795 posse
570 727 606 780 ad
619 726 728 794 patrios
740 742 791 781 sua
803 725 862 794 pila
875 725 978 781 referre
990 731 1124 795 penates:

436 829 534 886 nempe
547 829 636 886 meam
648 809 759 869 firmant
771 829 845 868 nunc
857 814 914 867 duo
926 815 1010 873 busta
1022 811 1113 870 fidem.
1127 845 1162 858 -
1221 885 1223 888 .

401 902 506 971 quippe
519 903 671 970 Lupercus,
685 903 750 971 equi
763 903 828 956 dum
848 903 946 966 saucia
954 904 1080 974 protegit
1093 919 1150 972 ors,

435 989 492 1046 heu
505 989 560 1044 sibi
572 990 706 1059 prolapso
720 1006 775 1044 non
788 990 860 1046 beno
874 991 949 1046 cavit
960 1007 1049 1060 equo:

402 1077 499 1150 Gallus
513 1083 549 1145 at,
563 1077 591 1131 in
606 1078 704 1132 castris
718 1079 784 1131 dum
796 1079 902 1134 credita
916 1081 996 1148 sigua
1007 1083 1112 1148 tuetu'r,·
1182 1103 1185 1106 ·

332 1233 334 1238 Ι
437 1165 559 1220 concidit
572 1171 635 1220 ante
649 1166 758 1235 aquilae
772 1173 863 1220 rostra
873 1173 990 1222 cruenta
1003 1183 1079 1223 suae.

401 1253 501 1307 fatales
513 1253 603 1322 pueri,
617 1254 673 1307 duo
686 1252 785 1310 funcra
797 1255 893 1309 matris
906 1271 1015 1310 avarae.
1148 1239 1156 1254 ³

438 1356 513 1410 vcra,
527 1342 577 1395 scd
589 1341 679 1394 invito
692 1341 878 1410 contigitiata
889 1339 968 1398 fides.

315 1465 318 1472 ·
372 1463 395 1500 c.
414 1447 491 1504 Idem
505 1463 572 1515 ego‚·
581 1463 642 1501 cum
656 1447 771 1530 Oinarea
785 1448 909 1504 traheret
920 1451 1025 1504 Lucina
1038 1451 1151 1506 dolores
1171 1475 1172 1482 ¹

418 1598 420 1603 .
439 1539 468 1590 ct
479 1535 604 1590 facerent
616 1535 688 1591 utari
700 1537 827 1605 pondera
839 1537 914 1592 lenta
926 1553 1039 1606 moram,

387 1605 537 1691 '„1unonis
549 1631 646 1682 votum
659 1624 741 1680 facite
752 1625 950 1698 impetrabile“
964 1627 1037 1680 dixi:
1127 1684 1141 1694 Η

431 1712 487 1766 ,illa
499 1713 582 1781 parit,
596 1713 675 1767 libris
688 1718 732 1768 ost
745 1713 810 1768 data
823 1715 915 1786 palnra
927 1715 1004 1770 meis.

293 2382 355 2441 ‚Bt
369 2395 394 2433 a.
407 2381 549 2435 Hactenus
568 2380 717 2438 historiae:
743 2384 869 2454 nuncad
886 2387 935 2438 tua
954 2384 1076 2439 devehar
1095 2388 1185 2438 astra:

440 2469 531 2542 incipe
545 2475 576 2524 tu
589 2470 675 2540 sacris
689 2486 794 2540 aequus
808 2467 906 2527 adesse
919 2472 1010 2527 novis.
1078 2510 1080 2520 s
1163 2503 1166 2510 ·

402 2927 455 2983 hoc
473 2944 563 2997 neque
582 2945 728 3004 arenosum
746 2929 853 3000 Libyae
871 2931 946 2986 iovis
959 2933 1081 3002 explicat
1097 2919 1214 2999 antrum,
1236 2959 1237 2964 κ

438 3023 488 3072 aut
500 3011 554 3073 sibi
566 3018 728 3073 commissos
740 3014 811 3092 fibra
823 3019 922 3080 locuta,
930 3021 1007 3089 deos,
1076 3053 1080 3058 ·
1146 3013 1148 3020 ’

330 3175 334 3180 ἡ
402 3111 451 3160 aut
463 3107 551 3176 siquis
564 3111 658 3160 motas=
668 3107 787 3161 cornicis
799 3107 921 3162 senserit
932 3109 999 3178 alas,

418 3205 420 3212 ’
439 3197 572 3251 umbrave
585 3210 656 3264 quac
668 3194 784 3263 magicis
796 3198 906 3250 mortua
918 3197 1014 3265 prodit
1027 3196 1123 3273 aquis:

399 3283 585 3352 ¹adspicienda
595 3283 642 3337 via
654 3288 698 3338 cst
710 3284 780 3338 caeli
791 3300 931 3353 verusque
944 3300 996 3353 per
1008 3290 1084 3338 astra

425 3378 546 3438 trames,
559 3379 588 3426 et
600 3372 641 3425 ab·
649 3372 727 3424 nonis
740 3372 862 3441 quinque
875 3374 997 3441 petenda
1009 3369 1087 3429 fides.
1101 3403 1109 3415 r
1204 3397 1207 3404 Δ

366 3493 389 3530 c.
407 3477 487 3532 Nunc
499 3479 619 3546 pretium
632 3477 722 3532 fecere
737 3477 806 3546 dcis,
820 3483 849 3532 et
861 3478 966 3548 fallitur
979 3496 1047 3534 auro

384 3609 386 3616 .
435 3567 572 3635 Iuppiter,
587 3567 718 3636 obliquae
732 3567 811 3634 signa
824 3567 925 3624 iterata
938 3574 1025 3624 rotae.

393 4008 549 4095 {eliocsquc
561 4009 639 4063 Iovis
653 4009 749 4064 stellas
761 4010 913 4080 Martisque
927 4011 1045 4078 rapacis,
1155 4041 1160 4049 ·

434 4103 462 4153 ct
474 4113 559 4168 grave
573 4097 685 4152 Saturni
700 4098 777 4151 sidus
790 4098 819 4150 in
832 4114 912 4153 omne
926 4102 1019 4166 caput,
1119 4121 1120 4124 ¹

384 4185 610 4256 ,quidfflmovcant
622 4186 714 4254 pisces
727 4186 907 4254 animosaque
921 4185 1103 4254 signalsonis

432 4275 507 4330 lotus
521 4280 549 4329 et
561 4274 699 4344 Hesperia
712 4272 782 4345 quid·
793 4273 974 4352 capricornus
984 4289 1066 4345 aqua.
1181 4271 1185 4275 ’
