3192 5154
691 397 759 478 ‚tt

186 587 358 670 praeterea
372 578 544 647 Herculem
561 587 640 645 bunc
654 590 769 644 terrum
779 601 809 646 v.
826 584 867 644 66
892 600 955 644 non
979 595 1050 644 eam
1067 576 1183 663 dicere,
1207 597 1303 662 quam

185 689 262 754 olim
279 695 371 770 tergo
388 688 556 772 receperit,
572 685 679 752 sedin
695 707 792 770 quam
807 707 891 752 nunc
906 685 1082 770 advenerit,
1103 687 1256 771 probatur
1271 687 1303 750 ni

186 795 281 860 fallor
297 793 416 860 additis
432 793 495 858 his:
518 799 828 874 commemorandi.
860 813 943 876 quae
968 813 1039 860 cum
1063 794 1198 876 ita-sint,
1221 812 1304 858 mmo

190 921 257 984 ego,
268 900 398 982 quidem
415 921 466 966 vv.
483 897 526 964 66
542 920 588 982 sq.
605 881 679 964 ante
695 921 724 965 v.
740 903 781 964 33
805 900 839 963 in
854 900 951 966 totius
967 899 1119 965 orationis
1142 899 1232 963 initio
1249 919 1303 983 po-

188 1006 306 1074 suerim
323 1007 356 1072 in
371 1005 455 1071 hune
470 1005 614 1071 modum:
1063 1077 1066 1085 s

320 1143 322 1151 2
346 1119 472 1192 capatus
486 1119 534 1177 tic
546 1119 649 1178 maadi
663 1133 741 1177 auae
754 1134 800 1176 rae
814 1120 965 1192 measure
981 1119 1142 1178 tradentem

406 1226 532 1300 compi&
544 1225 621 1284 baec
632 1227 715 1298 fesso
730 1225 782 1282 rix
796 1225 962 1290 mititare
971 1231 1075 1299 potet:

197 1367 219 1384 ‚,
261 1369 265 1376 -
344 1347 558 1409 aorprrcor,o
574 1332 733 1390 reiecero
748 1346 827 1405 qaae
842 1330 941 1390 16666
956 1337 1052 1402 antro,

305 1485 307 1489 ,
402 1439 528 1512 pandite
545 1438 669 1510 defectis
684 1438 800 1515 bospite
812 1438 892 1509 [aad
905 1437 985 1494 ,viria

187 1539 303 1620 quibus
323 1538 500 1613 coniunctis
516 1536 698 1620 Herculem,
717 1535 813 1600 modo
829 1535 914 1602 fesso
932 1536 991 1601 sibi
1008 1536 1090 1601 bane
1106 1545 1224 1602 terram
1242 1551 1304 1603 non

186 1643 303 1730 patere
321 1651 477 1726 questum,
505 1643 572 1706 iarn
585 1633 702 1710 eodem
726 1625 1098 1726 animopertendentein
1120 1645 1304 1710 sacerdotes

60 1740 78 1771 i
183 1749 563 1833 rogare-animadvertes,
579 1755 614 1815 ut
630 1747 766 1815 defessis
782 1748 860 1813 viris
878 1747 952 1812 iana
968 1748 1120 1833 pandant

276 1857 370 1920 Nunc
382 1853 458 1923 binc
473 1855 697 1938 regrediamur
712 1854 754 1920 ad
771 1855 808 1938 V,
825 1859 844 1922 8
862 1873 913 1920 vv.
934 1860 972 1922 19
989 1877 1050 1938 sq:
1086 1926 1088 1930 ¹
1201 1862 1205 1873 '

240 2005 243 2012 -
301 1989 305 1996 ·
369 1960 374 1964 ’
391 1969 530 2042 turpiam
543 1963 661 2028 ‘meana
676 1968 773 2026 uoaait
787 1983 851 2042 cam
866 1969 936 2026 rixa
953 1967 1098 2039 taberna·

425 2074 451 2132 si
464 2077 527 2133 siae
540 2089 594 2145 me,
607 2071 713 2147 famae
728 2089 787 2134 aon
802 2074 866 2134 aar
881 2073 947 2132 labe
962 2087 1054 2132 meae.
1078 2117 1082 2120 -

185 2175 239 2256 qui
260 2195 375 2246 versus
404 2176 564 2260 particula
579 2197 650 2240 aum
675 2173 834 2258 prioribus
858 2173 961 2238 additi
991 2174 1114 2244 itineris
1137 2175 1221 2257 quod
1245 2197 1304 2261 per

185 2280 272 2344 viam
288 2281 431 2368 Appiam
450 2281 528 2353 feeit
544 2280 684 2366 Cynthia
704 2286 759 2344 aut
773 2279 1006 2364 impudentiam
1031 2289 1086 2347 aut
1110 2288 1236 2368 tempus
1252 2299 1303 2347 ac-

185 2386 326 2452 curatius
341 2383 502 2452 60661666
517 2375 674 2452 ridentur.
720 2392 863 2450 attamen
879 2387 1005 2469 utrique
1029 2388 1161 2453 consilio
1178 2389 1301 2474 pariter

185 2510 249 2556 non
271 2493 472 2574 conueniunt,
499 2491 781 2577 quoniam-‘turpia
808 2492 841 2556 in
865 2493 1001 2557 taberna
1031 2494 1175 2560 convicia
1197 2513 1303 2578 neque

186 2595 362 2679 quidquam
376 2597 420 2661 ad
430 2598 588 2682 Cynthiae
603 2597 747 2663 habitum
764 2597 1009 2672 describendum
1019 2599 1303 2683 conteruntneque

186 2709 307 2767 certum
325 2710 455 2788 tempus
468 2703 620 2770 indicant
654 2704 716 2784 sed
737 2703 932 2790 comparatis
943 2706 1091 2772 maxime
1105 2727 1157 2773 vv.
1175 2713 1216 2772 57
1234 2728 1303 2792 sqq.

184 2829 279 2874 nemo
296 2809 464 2895 dubitabit,
482 2811 558 2892 quin
577 2810 610 2876 hi
625 2832 741 2880 versus
756 2811 798 2876 ad
815 2811 974 2896 Cynthiae
991 2833 1061 2877 cum
1078 2815 1301 2886 meretricibus

184 2917 218 2980 in
235 2916 371 2985 obscura
386 2917 521 2982 taberna
538 2923 579 2997 (v.
597 2923 661 2998 62.)
677 2918 786 3002 iurgia
801 2925 833 2983 et
856 2920 981 3002 proelia
996 2926 1151 3010 spectent.
1197 2941 1302 3003 neque
1336 2992 1338 2998 ,

179 3021 233 3110 ‘eis
257 3021 411 3087 interfuit·
423 3021 620 3108 Propertius,
635 3013 687 3088 'ad
712 3045 807 3107 quem
835 3045 856 3089 a
883 3026 997 3092 scortis
1025 3027 1140 3091 victrix
1164 3027 1302 3112 Cynthia

184 3133 312 3191 recurrit
328 3133 371 3209 (v.
388 3132 461 3207 63.).
518 3141 582 3210 que
605 3129 646 3196 de
662 3147 761 3197 eausa
776 3129 819 3194 ad
840 3138 983 3208 nostram
1007 3134 1200 3201 sententiam
1221 3134 1302 3198 bene

185 3231 325 3315 quadrat
342 3257 371 3299 v.
387 3238 447 3299 20:
670 3225 674 3237 ’
987 3257 992 3260 ·

303 3393 305 3401 2
422 3344 449 3407 si
462 3349 525 3408 riae
539 3363 593 3420 me,
606 3348 712 3422 fornae
726 3366 786 3410 000
800 3351 864 3410 ene
878 3349 946 3410 lube
960 3367 1051 3411 meda.

186 3445 276 3526 atqui
292 3443 373 3510 haec
385 3448 415 3513 si
432 3449 701 3534 rectedisputata·
715 3453 797 3533 sunt,
821 3473 872 3516 vv.
891 3457 929 3518 19
947 3473 993 3534 sq.
1009 3453 1042 3516 in
1058 3452 1174 3518 falsam
1191 3451 1301 3542 sedem

186 3548 314 3634 deiaps'i
342 3557 424 3617 sunt.
469 3573 542 3618 nam
576 3555 618 3622 ad
642 3555 738 3620 totius
766 3557 917 3634 carminis
931 3565 1166 3639 argumentum
1190 3558 1301 3638 adum-

184 3655 341 3722 brandum
359 3657 535 3742 pertinent:
551 3717 554 3722 r
568 3659 706 3743 ideoque
731 3663 922 3756 praesertim
939 3683 1012 3728 eum
1032 3664 1115 3729 alius
1131 3665 1301 3744 nulluseis

183 3761 271 3830 loeus
288 3761 386 3829 tribui
401 3765 505 3850 possit
520 3765 552 3829 in
576 3770 643 3830 tota
664 3765 779 3853 elegia,
803 3769 1016 3835 transferendi
1040 3776 1113 3836 sunt
1137 3778 1210 3855 post
1225 3793 1255 3838 v.
1272 3777 1301 3836 2.

183 3866 244 3934 hac
267 3877 374 3936 autem
397 3871 647 3956 transpositione
671 3873 757 3938 tacta
779 3895 873 3940 nova·
887 3876 986 3940 oritm
1010 3875 1196 3960 difficultas,
1225 3887 1300 3960 nam

137 3972 141 3978 ’
185 3975 247 4041 duo
265 3978 430 4044 enuntiata
450 3998 534 4061 quae
556 4001 621 4046 cam
644 3979 803 4064 particula
819 3989 974 4063 reguntur
990 3981 1033 4068 (v.
1051 3987 1079 4049 2.
1096 3990 1128 4047 et
1149 3988 1208 4065 19.)
1232 3985 1300 4049 lan-

184 4081 282 4162 guido
297 4104 370 4158 sese
395 4085 558 4170 excipiunt
580 4087 670 4150 nulla
686 4087 907 4172 coniunctione
930 4107 1061 4158 conexa.
1108 4096 1150 4173 at,
1174 4090 1301 4156 etiamsi

184 4205 248 4250 non
264 4183 482 4272 adiunguntur
497 4213 548 4257 vv,
568 4197 691 4277 1966,Ι
703 4185 812 4260 tamen
832 4194 878 4260 de·
897 4198 961 4262 aa
979 4195 1164 4278 integritate
1181 4195 1300 4262 dubito.

185 4289 245 4364 boc
268 4293 352 4360 enim
376 4296 541 4362 arrharum
572 4297 605 4362 in
635 4299 789 4382 Esquiliis
820 4308 913 4366 noete
936 4301 1113 4386 praeterita
1143 4300 1299 4392 factarum
