3192 5154
713 392 752 452 13

177 567 217 633 de
233 567 262 631 b.
279 565 316 630 G.
332 566 387 650 IV,
404 570 444 631 33
458 572 557 646 prino
573 563 677 646 inquit
685 584 745 644 por
760 584 859 627 omnes
871 572 974 642 portes
983 567 1176 641 perequitant
1192 569 1220 626 et
1235 565 1293 624 telo

176 679 322 746 ominum
344 683 434 752 olom
455 677 518 752 ipso
539 682 653 736 terrore
676 691 815 750 equorum
841 679 869 734 et
890 673 1012 748 strepitu
1027 677 1160 732 rotororo
1176 673 1293 732 ordines

170 788 349 860 pleramque
364 782 483 842 turboni
497 787 526 842 ot
543 799 608 842 eum
629 797 662 841 so
682 783 759 840 inter
782 781 906 855 equitnm
930 785 1041 838 turmas
1063 779 1294 860 insuescerent,

176 906 214 949 eoo
230 890 338 949 essedis
353 889 487 948 desiliant
503 887 668 964 etpedibus
676 888 875 963 proeliantur.
905 881 1015 961 itaque
1034 900 1106 944 cum
1121 866 1295 943 lUEOTIS

176 990 329 1077 scriptum
349 995 445 1074 esset,
469 988 500 1054 U
516 989 588 1055 visa
604 994 653 1055 est
669 988 720 1052 R.:
750 987 876 1070 deque
891 1005 926 1050 ru
944 985 999 1051 clr.
1015 985 1186 1070 Ribbeekii
1203 985 1295 1071 proll.

176 1095 276 1178 Verg.
293 1117 323 1180 p.
340 1098 414 1160 254.

264 1201 324 1266 His
340 1199 515 1284 adiungam
532 1221 587 1267 eos
603 1202 700 1284 locos,
720 1199 885 1281 inquibus
902 1219 961 1283 pro
985 1198 1027 1262 M.
1050 1198 1160 1263 littera
1182 1217 1295 1263 exara·

176 1312 291 1372 verunt
306 1307 430 1373 librarii
447 1305 501 1388 U.;
528 1305 583 1371 cfr.
599 1305 770 1370 Ribbeckii
787 1304 985 1389 proll.Verg.
996 1307 1122 1389 pp.249
1141 1324 1187 1386 sq.
1234 1324 1295 1386 quo

175 1413 208 1478 in
223 1432 342 1495 genere
358 1413 498 1498 primum
514 1411 553 1494 V,
572 1417 586 1475 1
607 1432 636 1477 v.
654 1418 691 1476 71
712 1430 730 1476 e
747 1409 894 1476 codicum
915 1411 1075 1494 scripturn
1090 1409 1150 1472 hac
1166 1432 1222 1489 quo
1235 1417 1297 1474 tois

175 1525 337 1597 anomaeos
359 1539 436 1597 oooe
466 1523 566 1590 dicere
590 1523 662 1594 foto
685 1522 821 1595 Properti
842 1515 981 1580 restituit
1005 1514 1240 1581 Heimreichius
1263 1517 1297 1580 111

176 1622 278 1708 symb.
295 1622 347 1707 ph.
364 1623 398 1686 B.
415 1645 445 1707 p.
463 1626 526 1686 647
549 1641 597 1703 sq.
619 1619 789 1685 scribendo
809 1641 904 1700 mooe.
950 1621 1033 1684 alter
1058 1627 1106 1685 est
1129 1639 1242 1686 versus
1259 1621 1297 1705 V,

177 1733 206 1812 5,
222 1731 282 1811 29;
304 1729 358 1793 ubi
383 1726 468 1811 quod
491 1727 584 1792 libris
607 1726 762 1791 treditum
785 1726 970 1811 accepimus
994 1737 1021 1789 et
1042 1732 1182 1790 emulare
1204 1733 1295 1792 airum

169 1841 389 1918 presumserit
404 1841 478 1918 apto
496 1853 592 1900 sensu
609 1841 706 1898 caret.
751 1851 827 1897 nam
843 1837 878 1896 ut
893 1833 955 1897 viri
966 1831 1141 1897 adventum
1158 1833 1296 1917 simulet,

176 1941 287 2008 elena
303 1940 470 2006 admoneri
486 1939 629 2024 puellam
653 1939 722 2004 iure
746 1939 879 2022 negavit
895 1937 1122 2004 Lachmannus
1146 1940 1295 2024 exposita

177 2048 335 2113 sermonis
351 2048 384 2110 in
401 2040 574 2112 simulandi
598 2046 697 2112 verbo
715 2043 952 2111 consuetudine.
998 2065 1114 2128 neque·
1127 2045 1296 2112 Hertnber-

177 2155 250 2237 gius
274 2155 321 2219 ita
352 2153 436 2219 hune
461 2154 565 2218 locum
597 2153 828 2238 interpretatus
852 2152 946 2234 quasi
971 2150 1158 2217 adhortetur
1181 2153 1297 2217 mulier

176 2259 327 2344 puellam,
349 2267 383 2324 ut
407 2261 610 2326 simulatione
635 2279 675 2324 ex
698 2258 905 2324 adulescente
926 2259 1048 2324 lucrum
1072 2257 1179 2343 faeiat,
1206 2258 1296 2342 quid·

110 2418 113 2424 .
177 2385 273 2447 quam
291 2364 436 2449 profecit,
452 2367 604 2447 quoniam
625 2373 753 2445 pretium
773 2372 880 2443 socero
902 2385 966 2429 non
989 2364 1075 2430 idem
1099 2366 1187 2430 valet
1212 2363 1297 2448 quod

181 2481 332 2550 quaestam
344 2477 460 2548 fucere,
477 2469 536 2535 sed
559 2476 614 2534 aut
630 2468 806 2536 venditoris
830 2478 886 2535 aut
908 2471 1062 2554 emptoris
1087 2478 1135 2536 est
1158 2472 1297 2556 pretium

180 2576 276 2640 alicui
301 2576 348 2639 rei
373 2576 608 2658 constituentis3
638 2575 693 2640 cir.
717 2574 821 2639 Plaut.
846 2574 934 2641 Pers.
952 2576 1005 2659 IV,
1024 2583 1051 2659 4,
1068 2581 1127 2657 373
1157 2577 1297 2642 Martial.

179 2681 204 2765 Ι,
226 2686 276 2765 85,
295 2667 429 2764 71111.
451 2681 571 2765 XXIV,
599 2687 653 2764 153
684 2681 820 2765 XXVII,
850 2687 887 2746 17
905 2680 973 2763 fin.;
1003 2681 1067 2746 Cic.
1091 2703 1150 2766 pro
1174 2681 1297 2758 Quinct.

184 2793 231 2870 15,
249 2791 299 2851 20.
353 2787 445 2852 abest
467 2807 570 2872 prope
594 2787 635 2851 ab
659 2787 864 2870 Hertzbergii
888 2788 1048 2853 sententia
1072 2787 1157 2871 quod
1189 2788 1299 2852 dieunt

181 2915 291 2973 operae
299 2901 427 2973 mettum
440 2901 556 2978 faeere,
577 2893 634 2959 sed
651 2893 684 2957 id
701 2899 810 2958 tamen
827 2893 940 2959 eodem
957 2893 1297 2978 modo'explioandum.

179 2998 280 3082 quid?
296 3003 301 3011 '
320 2999 406 3082 quod
429 2999 463 3064 id
488 3000 737 3085 ipsumcvinoit
757 3001 975 3066 accusativum
1000 3001 1089 3066 velut
1111 3008 1203 3065 virum
1227 3022 1297 3066 eum

178 3105 235 3169 illa
250 3105 411 3170 locutione
431 3106 580 3189 coniungi
596 3127 660 3170 non
675 3127 780 3192 posse.
826 3106 935 3188 itaque
952 3107 1049 3172 etiam
1067 3108 1104 3190 V,
1123 3113 1149 3190 1,
1164 3111 1201 3174 81
1221 3129 1299 3172 nuno

172 3207 302 3292 pretiolo
314 3201 503 3295 freneticos,
519 3232 614 3294 quem
625 3213 729 3278 locum
747 3213 879 3277 contulit
893 3212 956 3295 ille,
973 3219 1140 3297 corruptus
1157 3221 1206 3279 est
1222 3214 1297 3279 scri-

178 3318 384 3400 bendumque
404 3326 621 3399 nonopretiom
634 3326 739 3398 fecere
752 3319 843 3384 deici.
861 3339 887 3383 e.
904 3319 1039 3401 singulis
1056 3318 1126 3385 deis
1143 3320 1297 3403 astrologi

179 3445 271 3489 suum
280 3425 512 3491 constituerunt
527 3426 674 3509 pretium,
691 3446 753 3507 quo
770 3425 873 3490 soluto
891 3424 985 3490 deum
996 3433 1117 3490 certum
1135 3425 1296 3508 quendam

179 3549 340 3615 apparere
357 3531 592 3596 sciscitantibus
608 3531 811 3596 mentiuntur.
844 3530 928 3613 quod
938 3551 1009 3595 cum
1017 3531 1063 3594 ita
1072 3531 1124 3614 sit,
1140 3551 1180 3595 ne
1189 3537 1297 3596 nostro

179 3635 309 3719 quidem
327 3637 396 3701 loco
413 3643 504 3700 airum
519 3657 635 3702 nomen
652 3658 763 3702 sanum
775 3643 831 3702 est.
864 3636 922 3702 sed
931 3638 1034 3702 suasit
1050 3638 1119 3703 sine
1129 3637 1226 3702 dubio
1235 3638 1298 3703 vir-

177 3742 246 3825 gini
253 3741 416 3825 Acanthis,
425 3749 459 3807 ut
474 3743 687 3809 cunctando
696 3743 816 3809 Veneri
824 3744 929 3810 maius
937 3743 1075 3828 pretium
1084 3745 1299 3827 const'tueret‚

177 3846 299 3912 lucrum
321 3855 463 3930 augeret.
517 3869 599 3930 quae
620 3850 780 3915 sententia
804 3850 977 3933 requiritur
1000 3871 1063 3915 non
1086 3851 1188 3916 solum
1210 3873 1239 3916 v.
1257 3856 1298 3915 30

176 3959 374 4018 moiordiloto
389 3966 473 4019 nocte
487 3967 622 4020 recurret
637 3978 729 4032 emor,
746 3975 858 4022 verum
868 3957 966 4022 etiam
976 3956 1085 4022 verbis
1094 3967 1176 4021 utere
1191 3964 1298 4041 oensis,

178 4056 423 4126 adhortantibus
447 4060 512 4128 illis
540 4062 670 4144 quidem
694 4063 845 4148 puellam,
869 4070 904 4128 ut
922 4063 1031 4128 nescio
1056 4083 1140 4146 quae
1162 4063 1298 4150 impedi-

178 4170 289 4231 menta
306 4175 446 4233 excuset.
492 4168 577 4236 haee
590 4169 675 4235 enim
692 4171 779 4236 notio
796 4178 831 4235 ut
854 4170 887 4234 in
903 4169 1058 4242 causandi
1084 4170 1183 4235 verbo
1206 4170 1299 4256 inest,

177 4271 224 4335 ita
241 4273 338 4336 etiam
360 4273 395 4338 in
411 4295 528 4340 causac
553 4277 680 4342 nomine
705 4276 801 4362 apud.
808 4276 906 4360 Verg.
927 4278 1006 4342 Aen.
1023 4276 1077 4360 IV,
1094 4282 1152 4359 513
1179 4277 1295 4346 Tibull.
