3224 5154
830 369 871 436 60

306 543 338 598 Β.
363 558 387 598 a.
400 543 509 598 Tuscus
521 556 583 613 ege,
591 550 626 600 'et
636 543 736 600 Tuscis
749 544 833 613 orion
849 560 901 600 nec
911 543 1037 613 paenitet
1049 542 1124 598 iuter
1133 551 1145 580 ··

435 633 543 701 proelia
555 621 701 688 Volsinios
714 633 871 688 deseruisse
883 633 975 688 focos.¹

401 719 470 778 haec
482 737 524 776 me
537 722 620 776 turba
633 721 718 789 iuvat,
733 736 784 776 nec
796 723 902 790 temple
915 722 1005 776 laetor
1017 721 1141 776 eburno:

434 811 591 865 Romanum
604 811 672 866 satis
685 816 728 866 est
738 826 825 884 posse
838 811 934 868 villere
946 809 1046 864 forum.

364 933 391 988 b.
405 935 464 990 Hac
477 935 616 1004 quondam
629 935 778 990 Tiberinus
791 933 845 990 iter
857 901 985 1002 faciebat,
999 938 1028 988 et
1041 932 1120 986 aiunt

435 1037 572 1078 remorum
585 1023 697 1078 auditos
710 1037 760 1092 per
772 1023 845 1076 vada
857 1024 940 1090 pulsa
953 1036 1052 1076 sonos:

400 1116 429 1165 at
441 1117 590 1180 postquam
603 1110 650 1166 ille
664 1111 722 1167 suis
735 1117 844 1166 tanturn
857 1110 996 1166 concessit
1008 1109 1135 1177 alumnis,
1232 1173 1234 1180 Α

434 1199 605 1255 Vertumnus
617 1215 700 1255 versu
713 1200 792 1254 dicor
805 1200 841 1254 ab
855 1214 934 1266 amne
948 1199 1026 1253 deus.

307 1393 336 1446 C.
361 1409 385 1447 a.
399 1392 463 1462 Seu,
483 1394 549 1464 qnia
561 1373 697 1450 vertentis
709 1395 829 1468 fructum
841 1393 1034 1466 praecepimus
1049 1393 1123 1461 anni,

434 1482 580 1538 Vertumni
593 1483 695 1552 vulgus
708 1483 828 1539 credidit
839 1497 901 1538 esse
915 1498 1031 1538 sacrum,
1052 1511 1054 1516 ·

362 1606 389 1660 b.
403 1606 473 1662 Nam
490 1607 558 1675 quid
576 1623 630 1676 ege
649 1607 775 1675 adiciam,
795 1607 830 1662 de
848 1623 904 1676 quc
923 1606 990 1660 mihi
1008 1605 1127 1660 maxima
1143 1603 1252 1672 famant,

433 1693 577 1750 horterum
590 1695 619 1749 in
631 1696 758 1752 manibus
771 1696 845 1750 dona
858 1696 949 1750 locata
961 1693 1050 1764 meis?

294 1849 301 1857 ι
398 1784 542 1864 caeruleus
555 1784 677 1839 cucumis
690 1784 852 1853 tumidoque
865 1783 1010 1840 cucurbita
1022 1786 1119 1836 ventre

419 1887 475 1926 me
489 1875 569 1925 notat
581 1877 610 1926 et
622 1871 704 1926 iunco
717 1872 843 1927 brassica
854 1872 949 1927 vincta
962 1871 1026 1926 levi.

363 2009 386 2048 c.
406 1994 464 2050 Nec
477 1994 529 2049 flos
543 1995 617 2049 ullus
631 1995 689 2052 hiat
701 1996 799 2064 pratis,
813 1996 880 2065 quin
892 1996 940 2050 ille
954 1995 1084 2050 decenter

436 2083 585 2150 impositus
597 2082 684 2138 fronti
698 2086 829 2152 langueat
842 2089 905 2138 ante
918 2098 1012 2152 meae3

398 2169 487 2239 prima
500 2169 568 2224 mihi
579 2171 670 2224 variat
683 2171 836 2231 liventibus
849 2189 903 2228 uva
916 2172 1034 2229 racemis
1143 2171 1146 2178 ’

342 2247 345 2254 ¹
390 2327 392 2332 Α
417 2261 418 2266 ’
434 2263 463 2313 et
476 2274 555 2312 coma
568 2259 682 2314 lactenti
695 2259 790 2328 spicea
801 2259 881 2327 fruge
888 2241 990 2314 firmet.

366 2380 393 2434 d.
407 2381 460 2436 Hic
473 2382 568 2437 dulces
581 2397 700 2450 cerasos,
714 2383 758 2436 hic
771 2383 941 2438 autumnalia
953 2397 1043 2451 pruna

439 2471 528 2526 cernis
541 2475 571 2524 et
582 2469 691 2526 aestivo
704 2487 781 2524 mera
794 2472 894 2526 rubere
908 2471 969 2539 die3

400 2557 500 2613 insitor
513 2559 557 2612 hic
569 2559 655 2614 solvit
667 2575 784 2629 pomosa
802 2566 870 2615 vota
882 2575 994 2626 corona,

435 2661 496 2699 cum
508 2647 587 2715 pirus
600 2648 689 2703 invito
704 2648 799 2732 stipite
813 2648 885 2705 mala
898 2647 970 2701 tulit.

348 2772 384 2822 al.
397 2769 515 2824 Mendax
534 2769 615 2839 fama,
633 2772 745 2840 hospes,
765 2772 836 2825 male
855 2767 887 2825 fit
905 2768 971 2824 mihi
991 2770 1111 2826 nominis
1130 2769 1230 2824 index:
1300 2803 1303 2810 ·

434 2856 512 2924 dese
526 2859 648 2913 narranti
661 2865 692 2914 tu
704 2859 788 2914 mode
802 2859 882 2913 crede
897 2859 958 2914 dec.

304 3049 346 3104 Οἱ.
361 3066 385 3103 a.
399 3050 565 3120 Opportuna
578 3069 637 3108 mea
650 3059 694 3108 est
706 3054 813 3109 cunctis
826 3059 926 3108 natura
938 3049 1051 3124 figuris:

433 3142 461 3195 in
475 3157 667 3212 quamcunque
679 3143 759 3197 voles
772 3149 860 3209 verte,
875 3141 993 3198 decorus
1006 3159 1063 3200 ere.

315 3275 319 3282 '
362 3266 389 3318 b.
403 3267 490 3320 Indue
504 3281 546 3320 me
560 3266 634 3332 Cois,
647 3261 711 3319 fiam
725 3283 782 3320 nun
796 3266 865 3320 dura
878 3266 988 3334 puella:

434 3368 532 3422 meque
545 3353 635 3406 virum
649 3358 760 3423 sumptu
773 3354 836 3422 quis
849 3359 934 3421 neget
946 3369 1008 3408 esse
1022 3355 1109 3422 toga?

398 3443 433 3496 da
445 3441 544 3496 falcem
557 3447 585 3496 et
597 3446 671 3496 torte
685 3440 804 3496 frontem
816 3441 883 3496 mihi
895 3442 1044 3511 comprime
1057 3442 1154 3514 faeno:
1239 3457 1242 3464 ¹

434 3531 540 3586 iurabis
554 3519 651 3586 nostra
662 3531 788 3599 gramina
800 3536 877 3586 secta
890 3546 980 3585 manu.
995 3561 1028 3568 -

398 3635 474 3672 arma
486 3619 537 3673 tuli
551 3620 692 3689 quondam
704 3619 874 3688 etpmemini,
888 3620 1023 3674 laudabar
1036 3611 1063 3673 in
1075 3619 1148 3692 illis:
1233 3675 1235 3680 ,
1274 3637 1276 3642 ·

433 3707 526 3762 corbis
538 3708 567 3760 in
580 3708 712 3776 imposito
726 3708 851 3777 pondere
865 3724 972 3768 messor
984 3723 1068 3763 eram.

362 3846 385 3883 c.
404 3830 522 3886 Sobrius
535 3832 571 3885 ad
584 3831 663 3886 lites:
679 3837 708 3886 at
721 3848 782 3887 cum
795 3838 839 3890 est
850 3832 972 3901 imposta
984 3845 1096 3899 corona,

432 3919 564 3975 clamabis
577 3919 662 3990 capiti
676 3921 742 3976 vina
755 3922 870 3976 subesse
883 3937 954 3975 meu.
970 3949 1003 3958 ·-

396 4007 476 4077 cinge
490 4014 575 4078 caput
586 4009 675 4077 mitra,
690 4009 812 4079 speciem
825 4009 940 4065 furabor
952 4007 1059 4062 Iacchi:
1121 4079 1125 4086 ι

431 4095 547 4152 furabor
560 4096 675 4166 Phoebi,
690 4099 713 4152 si
727 4099 810 4152 medo
824 4099 931 4168 plectra
943 4096 1040 4166 dabis3

296 4205 298 4212 ·
396 4185 522 4241 cassibus
535 4187 791 4269 impositisvepcr:
807 4187 857 4259 sed
870 4186 1005 4242 arundine
1019 4193 1130 4256 sumpta

430 4275 544 4330 Faunus
555 4265 685 4345 plumoso
698 4282 758 4332 sum
772 4275 841 4342 (leus
854 4275 996 4345 aucupim'
