3192 5154
812 365 855 426 50

278 536 377 612 etiam
393 536 540 604 Simulus
558 536 646 623 apud
662 537 867 607 Plutarchum
884 539 1011 609 Romuli
1026 561 1093 626 eap.
1111 540 1205 606 XVII
1228 561 1305 608 usus
1328 540 1386 608 sit:

275 644 331 708 ille
347 665 491 710 amorem
508 643 636 726 quidem
661 653 693 713 et
715 646 786 730 ipse
810 645 1082 729 commemoravit,
1104 667 1209 728 neque
1222 668 1310 716 *vero
1334 648 1391 714 Sa·

277 749 370 833 binis,
380 750 444 816 sed
461 749 563 815 Gallis
581 749 774 835 Capitolium
791 771 811 814 a
825 753 969 837 Tarpeia
985 751 1136 839 traditum
1153 754 1290 838 seripsit
1320 745 1391 839 ipse

277 857 374 939 igitur
390 853 493 943 poeta
504 855 647 921 fabulam
668 858 808 924 ‘mutavit
824 879 933 924 amore
948 859 1004 924 illo
1027 859 1167 942 invento,
1189 866 1224 924 ut
1247 859 1330 926 huno
1345 861 1391 925 iu-

277 962 473 1034 cundissima
489 983 529 1029 ea
545 983 641 1045 quam
654 984 738 1028 nuno
752 964 891 1047 legimus
900 965 1065 1054 Tarpeiae
1073 965 1217 1030 oratione
1234 985 1392 1033 exornare

275 1075 395 1154 posset.
426 1069 569 1135 imitatus
586 1071 670 1136 enim
688 1077 746 1153 est,
762 1070 796 1134 id
813 1067 899 1153 quod
914 1091 977 1137 non
994 1069 1076 1153 fugit
1093 1071 1303 1138 Niebuhrium
1319 1071 1391 1164 hist.

275 1176 365 1240 Rom.
382 1176 405 1259 Ι,
422 1179 481 1240 241
503 1175 576 1242 adn
588 1181 651 1242 632
668 1174 818 1259 quodque
834 1177 994 1242 immerito
1009 1178 1143 1259 negavit
1159 1178 1391 1261 Hertzhergius

276 1280 318 1346 ad
334 1281 372 1364 V,
388 1290 406 1344 4
424 1301 475 1348 vv.
493 1285 533 1346 93
559 1299 616 1364 sq,
640 1279 681 1348 de
706 1281 817 1367 Scylla
840 1282 983 1347 iabulam
1008 1303 1103 1366 quam
1131 1283 1202 1368 ipse
1219 1283 1390 1369 tetigitur.

276 1391 316 1452 39
334 1406 381 1469 sq.
397 1387 586 1470 similesque
605 1388 817 1458 narrationes.
863 1389 1000 1478 eandem
1024 1397 1131 1454 aulem
1152 1390 1184 1454 in
1200 1379 1390 1472 argumento

275 1492 444 1560 traetando
460 1493 642 1559 libertatem
659 1501 798 1580 praese
815 1493 877 1560 ieri
894 1515 1023 1563 carmen
1046 1515 1174 1581 nonum,
1197 1495 1282 1578 quod
1298 1496 1390 1562 huius

275 1599 322 1664 rei
338 1599 474 1666 alierum
491 1600 674 1684 exemplum
691 1621 762 1666 esse
779 1601 875 1667 volui.
921 1600 980 1667 se'd
1000 1602 1033 1664 in
1049 1586 1108 1666 hoo
1125 1601 1165 1668 de
1183 1601 1267 1668 ano
1285 1609 1317 1668 et
1333 1622 1391 1666 ara

275 1706 418 1771 maxima
433 1706 528 1772 aliter
543 1705 704 1773 disserere
721 1713 850 1793 poetam
868 1714 965 1790 atque
990 1713 1113 1773 eeteros
1128 1705 1286 1774 ,auotores
1310 1707 1390 1774 satis

274 1811 563 1895 habeo-indieaose,
587 1813 715 1896 singula
737 1813 801 1898 ipsi
821 1819 855 1880 ut
876 1821 1033 1896 quaerant
1057 1813 1193 1879 lectores
1216 1805 1390 1883 benevolos

275 1919 471 1986 adhortatus.
517 1919 685 2002 sicigitur
708 1921 871 2004 periegesi
888 1921 1022 2006 poetieis
1043 1920 1214 1985 luminibus
1229 1920 1391 1985 illustrata

274 2031 367 2093 notas
384 2024 425 2090 de
441 2026 521 2090 urhe
537 2026 639 2098 Roma
656 2026 793 2109 eiusque¹
813 2047 849 2092 re
866 2011 1054 2109 antiquaria
1065 2025 1192 2091 fabulas
1217 2032 1314 2110 poeta
1337 2025 1390 2090 vol

275 2131 450 2216 peritorum
482 2131 637 2196 leotorum
674 2116 878 2198 oblectationi
910 2132 1134 2201 commendare
1170 2137 1302 2198 oonatus
1333 2123 1390 2198 est

275 2243 418 2304 aeterum
449 2238 504 2320 qui
527 2237 722 2304 carminibus
754 2238 940 2323 periegesin
962 2237 1214 2323 eomposuerint,
1243 2237 1390 2304 novimus

276 2349 407 2428 praeter
422 2342 606 2428 Soymnum,
628 2344 830 2434 Dionysium,
853 2343 1013 2428 livianum
1037 2344 1125 2421 yelut
1148 2342 1222 2408 hos:
1259 2343 1390 2429 Apollo-

275 2449 388 2520 dorum
404 2449 634 2516 Atheniensem
652 2453 694 2529 (r.
712 2450 816 2527 Strab.
833 2450 911 2520 XLV
927 2473 964 2536 p.
983 2456 1071 2535 677),
1091 2449 1310 2538 Alexandrum
1335 2449 1390 2532 qui

275 2555 404 2635 Λύχνος
421 2557 647 2642 appellabatur
661 2556 811 2636 (astrab.
821 2556 900 2622 XIV
908 2579 938 2642 p.
948 2562 1034 2641 642),
1050 2557 1224 2642 Lyneeam
1232 2555 1389 2639 Argivum

276 2667 319 2741 (v.
341 2661 478 2727 Pausan.
501 2664 525 2747 Ι,
553 2668 600 2747 13,
625 2668 658 2745 83
688 2664 727 2746 ll,
752 2667 804 2746 22,
827 2663 990 2746 alesin),
1013 2662 1191 2728 Varronem
1220 2662 1390 2732 naeinam

275 2769 364 2834 errius
375 2767 399 2834 'e
415 2769 650 2854 chorographia
665 2767 818 2851 reliquias
835 2769 966 2852 collegit
977 2768 1162 2838 Alexander
1171 2768 1299 2834 Riesius
1316 2757 1390 2853 post

275 2876 428 2942 Varronis
441 2875 548 2942 'Satur
564 2875 706 2960 Menipp.
723 2897 777 2960 pp.
787 2878 856 2962 263
875 2892 942 2958 sqq.
1137 2953 1139 2958 ¹

363 2983 421 3048 His
439 2981 594 3068 expositis
609 2982 676 3046 iam
693 2981 786 3072 deoet
807 2981 1009 3048 oarminis
1033 2982 1153 3048 illius
1169 2979 1277 3064 quod
1293 2981 1331 3066 V,
1350 2981 1389 3046 ib

275 3089 591 3156 esseiussimus
620 3089 716 3172 quale
739 3088 871 3155 tandem
895 3088 990 3160 luerit
1015 3095 1240 3173 argumentum
1264 3095 1304 3156 et
1318 3107 1389 3154 oon

275 3193 382 3262 silium
399 3217 417 3263 e
434 3194 623 3280 fragmentis
639 3215 752 3261 eruere
772 3195 792 3258 'n
809 3215 835 3260 e
853 3214 870 3260 e
887 3192 924 3278 V,
943 3188 965 3260 -1
986 3217 1036 3261 vv.
1062 3199 1222 3277 39-54;
1253 3198 1384 3288 87‚188;

279 3309 338 3369 lea
350 3307 475 3370 -,118.
510 3301 599 3386 atqui
617 3299 657 3367 de
674 3301 793 3368 Troiae
808 3302 976 3368 eversione
992 3301 1038 3365 ita
1053 3301 1391 3386 disputasse-poetam,

275 3415 310 3474 ut
324 3408 400 3477 inde
417 3407 551 3473 Romam
568 3406 652 3476 bona
668 3424 728 3472 ave
741 3413 849 3472 ortam
866 3407 996 3492 uiueret,
1012 3413 1151 3493 apparet
1167 3427 1184 3472 e
1202 3391 1304 3474 vv239
1321 3427 1391 3490 sqq.

274 3515 334 3580 hoo
347 3511 459 3580 ¹autem
476 3521 701 3597 argumentum
717 3514 764 3579 iia
778 3513 907 3580 videtur
931 3534 1105 3580 exornasse
1122 3519 1156 3578 ut
1167 3509 1390 3590 Cassandram

274 3621 403 3702 (oirrrv.
416 3628 454 3686 51
467 3620 667 3703 sqthriamo
683 3621 912 3688 vatieinantem
929 3620 1056 3686 iaeeret
1066 3618 1107 3686 de
1118 3620 1237 3686 Troiae
1253 3619 1390 3684 Romae-

275 3749 336 3812 que
359 3729 445 3796 iatis.
490 3727 649 3810 ad-quod.
663 3729 859 3814 vaticinium,
881 3750 954 3796 oum
978 3749 1028 3794 vv.
1046 3731 1086 3792 53
1109 3747 1156 3810 sq.
1185 3726 1271 3792 nullo
1295 3730 1390 3810 paeto

273 3835 374 3922 possit
391 3834 572 3903 absolutum
587 3834 702 3921 videri,
724 3831 885 3922 pertinent
900 3835 969 3902 sine
987 3833 1083 3900 dubio
1100 3853 1151 3900 vv.
1169 3836 1210 3897 87
1228 3852 1274 3914 sq.
1292 3837 1324 3896 et
1338 3850 1398 3895 vv..

278 3945 481 4016 lile-,lib
519 3947 559 4016 at,
577 3941 650 4008 huie
673 3943 874 4010 oonieoturae
897 3939 1026 4007 videtur
1048 3935 1178 4004 obstare
1202 3958 1232 4002 v.
1252 3941 1311 4002 113
1336 3957 1391 4002 uer

158 4037 160 4042 ’
273 4055 390 4114 rediere
412 4058 508 4112 romeu
523 4054 626 4113 Donat
641 4057 773 4135 propter
798 4047 975 4134 perfeetum
1000 4045 1091 4110 verbi
1116 4051 1244 4129 tempus
1268 4041 1391 4126 quoda

274 4153 424 4222 vaticinio
441 4154 622 4223 abhorreat.
672 4154 753 4221 haee
769 4160 877 4218 tamen
893 4146 1063 4219 diiiioultas
1072 4157 1161 4216 reeta
1174 4149 1267 4216 huius
1276 4168 1391 4218 versus

273 4261 537 4348 interpretatione
569 4267 760 4329 removetur.
813 4259 962 4324 nimirum
995 4257 1129 4324 Oalehas
1161 4256 1331 4324 victoriam
1355 4274 1391 4322 se
