3224 5154
756 409 797 472 53

220 589 395 672 horosoopo
416 583 562 671 praedici
587 589 703 674 poetae
732 584 893 650 evieimus.
945 589 1007 669 a'ge
1038 584 1103 650 iam
1133 583 1335 650 eonsiderate

221 695 326 778 qualis
341 693 382 759 sit
398 693 458 758 iste
474 689 678 776 horosoopus.
708 691 770 756 iooi
783 711 888 758 nonne
903 679 1158 756 amantissimum
1168 688 1335 755 disemus?

220 821 263 866 an
278 800 363 868 serio
380 797 420 866 de
435 805 531 882 gente
548 819 607 863 sua
622 796 779 880 gloriatur
795 819 846 862 vv.
857 802 896 863 77
912 817 979 880 sqq.
993 795 1010 859 ‘l
1041 818 1083 862 an
1099 797 1182 868 serio
1198 795 1278 860 illud
1295 795 1335 862 de

221 905 357 972 Cinarae
382 904 554 990 puerperio
578 903 762 976 vatioinium
794 903 893 970 refert
917 925 967 970 vv.
990 910 1031 970 99
1053 902 1139 986 sqq?
1185 923 1227 968 an
1249 903 1338 970 serio,

219 1013 320 1082 vitam
336 1009 539 1097 patriamque
554 1009 723 1093 Propertii,
740 1030 792 1075 res
808 1010 955 1081 omnibus
971 1016 1072 1094 notas,
1088 1010 1272 1076 deeantavit
1284 1028 1335 1075 vr.

161 1173 163 1180 ,
223 1125 281 1184 121
301 1138 380 1202 sqq,
397 1116 488 1200 quasi
506 1137 562 1182 eas
578 1115 744 1182 reeondita
759 1122 828 1182 arte
845 1123 995 1202 aeoeptas
1011 1116 1164 1182 teneret?
1195 1116 1335 1200 denique

219 1225 369 1291 vaticinio
386 1227 510 1307 havere,
525 1244 567 1288 ne
582 1223 654 1306 quis
663 1222 777 1287 duram
792 1223 934 1308 puellam
944 1243 1056 1288 amare
1066 1223 1215 1308 eoeperit,
1230 1241 1335 1288 nonne

219 1329 328 1417 lepide
345 1338 394 1397 est
409 1328 597 1396 inventum?
626 1331 779 1395 iamrero
794 1330 866 1413 quis
883 1337 931 1396 est
943 1331 998 1396 ille
1006 1327 1227 1415 horoscopus?
1260 1351 1335 1395 num

220 1438 291 1523 ips'e
306 1434 519 1523 Propertius?
558 1435 693 1517 eogitari
706 1435 851 1520 profeoto
875 1436 986 1516 nequit
1001 1434 1087 1518 qnod
1103 1435 1208 1518 magis
1232 1435 1274 1502 sit
1289 1436 1335 1499 in-

221 1551 341 1628 'eptum
348 1540 522 1608 absurdum
537 1539 716 1625 ridiculum,
731 1561 828 1624 quam
842 1542 950 1626 ipsum
962 1540 1165 1626 Propertium
1181 1541 1235 1606 vel
1250 1542 1335 1606 serio

220 1649 304 1715 vel
296 1668 404 1714 roeose
425 1647 486 1714 sibi
511 1667 602 1712 suum
619 1646 778 1748 Cynthiae
802 1667 944 1728 amorem
968 1647 1097 1712 oraculo
1119 1647 1335 1732 pronuntiare.

218 1761 389 1841 praeterea
412 1754 440 1819 si
464 1754 535 1844 ipse
558 1739 745 1838 Propertius
768 1753 940 1874 horoseopi
956 1773 1127 1838 personam
1151 1754 1336 1839 assumpsit,

219 1881 275 1926 eur
291 1859 345 1945 qui
361 1866 470 1925 tamen
485 1859 519 1923 id
535 1867 697 1943 sequatur,
713 1865 747 1924 ut
763 1881 829 1925 surs
837 1859 940 1944 ipsius
949 1859 1086 1924 oraeulrs
1095 1858 1190 1925 fidem
1207 1857 1335 1942 habeat,

218 1986 281 2033 non
297 1967 477 2032 aeeuratius
501 1964 612 2030 definit
636 1966 775 2050 patriam
798 1985 890 2032 snam
905 1973 1003 2047 qnam
1020 1985 1105 2033 nune
1118 1987 1169 2030 vv.
1190 1971 1244 2030 121
1267 1986 1335 2048 sqq,

218 2079 269 2138 sat
284 2073 428 2138 obscuris
444 2070 559 2158 finibus
576 2070 834 2136 oiroumseribit?
879 2077 921 2154 at,
944 2071 1059 2154 inquis,
1075 2073 1237 2137 transtulit
1252 2071 1335 2137 huno

217 2180 322 2244 looum
346 2178 416 2244 sine
441 2177 537 2243 dubio
558 2198 689 2244 eoarm.
705 2179 729 2262 l,
754 2182 794 2242 22
821 2185 852 2244 et
876 2183 967 2261 quae'
984 2178 1050 2244 illio
1082 2179 1211 2264 seripsit
1233 2179 1334 2243 noluit

218 2291 351 2350 mutare,
395 2284 494 2349 inimo
517 2285 624 2369 ipsum
638 2283 843 2370 Propertium
868 2285 913 2350 ita
929 2305 1005 2351 suas
1022 2285 1133 2370 eopias
1145 2285 1333 2370 despoliare

218 2391 361 2476 potuisse
383 2391 452 2456 iure
475 2392 608 2474 negavit
630 2391 865 2457 Heimreiohins
887 2391 921 2456 in
945 2392 1047 2476 symb.
1070 2390 1123 2477 ph.
1146 2393 1182 2456 R
1208 2415 1237 2477 p.
1260 2397 1333 2475 675,

217 2496 385 2579 quietalis
402 2496 620 2563 translationis
635 2497 757 2562 utilitas
780 2497 869 2562 nulla
885 2499 1034 2563 cernitur,
1080 2504 1191 2564 eontra
1207 2498 1234 2564 si
1251 2497 1333 2564 alius
1347 2563 1349 2570 ,

217 2603 276 2668 suh
299 2602 467 2688 horoscopi
491 2623 631 2688 persona
653 2604 732 2670 latet
757 2623 852 2687 quem
876 2604 1038 2670 hominem
1061 2603 1151 2668 inulti
1176 2605 1237 2670 ioei
1261 2623 1333 2670 esse

216 2709 282 2774 iam
305 2707 454 2792 vidimus,
480 2709 532 2775 hio
555 2710 720 2776 translatis
744 2711 777 2775 in
799 2731 891 2776 suum
915 2731 1014 2802 usum!
1031 2711 1179 2776 versibus
1202 2711 1267 2776 illis
1291 2709 1333 2774 ad

216 2815 331 2910 melius
355 2815 600 2882 deseribendam
625 2823 741 2903 poetae
757 2817 903 2902 'patriam
929 2818 1072 2884 eonsulto
1096 2815 1175 2881 nihil
1200 2815 1333 2899 addidit,

216 2922 338 2988 soilioet
353 2927 388 2986 ut
403 2921 486 2987 hano
500 2931 619 2988 non‘ex
635 2924 731 2989 astris
757 2930 826 2990 arte
842 2944 901 2989 sua
917 2925 1012 2989 tantis
1028 2921 1178 2990 laudibus
1195 2923 1282 3016 elata
1298 2941 1332 2988 se

216 3028 377 3110 oognitam
392 3027 514 3094 hahere
530 3027 730 3113 lepidissime
745 3029 905 3114 proderet,
928 3029 985 3096 sed
1003 3050 1020 3096 e
1035 3029 1194 3114 Propertii
1211 3028 1332 3112 elegiis.
1380 3065 1384 3072 ·

216 3151 299 3215 qnae
316 3153 387 3198 oum
404 3133 450 3196 ita
466 3133 537 3218 sint,
561 3122 749 3200 iaoetissimi
766 3135 901 3200 alieuius
917 3135 1013 3200 amioi
1030 3142 1079 3201 est
1100 3141 1210 3203 nostra
1226 3134 1333 3215 elegia

215 3259 281 3321 qua
297 3237 464 3323 horoscopi
481 3259 620 3323 persona
630 3239 759 3306 indutus
768 3240 974 3326 Propertium
990 3247 1107 3324 monet,
1122 3261 1163 3310 ne
1173 3239 1335 3326 Cynthiae

215 3365 335 3428 amore,
350 3365 413 3428 quo
421 3347 523 3412 teneri
541 3354 682 3432 eoeptus,
699 3353 770 3412 erat
785 3366 917 3432 prorsus
933 3347 1105 3413 irretiatur.
1135 3367 1240 3430 neque
1254 3366 1331 3413 vero

215 3450 296 3514 haee
311 3451 471 3516 sententia
486 3473 525 3517 eo
542 3453 696 3518 evertitur
711 3453 798 3536 quod
813 3455 874 3520 hoo
897 3475 1027 3520 earmen
1042 3453 1115 3539 ipso
1132 3474 1170 3520 oo
1186 3459 1332 3539 tempore

215 3575 278 3639 quo
294 3557 436 3640 eoeperit
446 3556 603 3640 Cynthiae
612 3561 924 3644 amoroompositum
939 3562 1104 3645 respieere
1115 3559 1331 3626 Heimreiohio

214 3659 418 3728 eonoedimus
439 3661 481 3726 ad
498 3683 593 3729 earm.
610 3665 635 3747 Ι,
653 3669 710 3728 22;
742 3664 827 3746 quod
850 3665 932 3730 libro
956 3667 1135 3732 eontinetur
1158 3672 1230 3751 post
1251 3665 1331 3731 illud

213 3777 340 3853 tempus
357 3766 451 3834 edito.
472 3769 599 3874 ‘etenim
614 3769 694 3852 illud
710 3790 849 3856 oarmen,
865 3770 950 3853 quod
967 3780 1052 3839 oerto
1068 3773 1222 3856 temporis
1238 3772 1331 3854 signo

214 4066 304 4120 neque
317 4067 448 4120 agrorum
461 4051 622 4107 distributio
636 4053 695 4124 (vv.
706 4056 755 4107 129
762 4051 802 4122 sq
805 4057 824 4121 )
837 4069 909 4124 quse
922 4059 1018 4124 potest
1030 4055 1075 4109 vel
1089 4070 1105 4109 s
1118 4054 1267 4124 Propertio
1279 4055 1330 4124 III,

214 4143 257 4207 34,
271 4145 304 4193 55
316 4156 359 4210 sq.
372 4142 585 4196 oommemor'sta
597 4142 696 4210 videri,
712 4157 764 4212 per
776 4158 805 4198 se
818 4148 893 4198 certe
907 4143 992 4200 habet
1005 4158 1061 4214 quo
1074 4143 1146 4199 salsa
1158 4158 1220 4199 esse
1234 4145 1329 4199 existi-

213 4228 315 4283 manda
328 4227 379 4284 sit·
372 4229 1329 4304 ,narnVergiliiexemplumimitatumessehorosoopumquaratione

212 4321 309 4386 potest
322 4266 498 4386 oonlirmari?
