3224 5154
827 405 869 470 58

222 557 225 564 ¹
293 580 436 644 carmina
457 579 680 664 imprimisque
709 563 749 644 ea
773 597 857 660 quae
888 577 930 644 ad
961 578 1145 663 periegesiu
1172 578 1261 644 urhis
1281 578 1406 672 'Romae

293 686 456 770 pertinent
472 686 527 750 vix
543 687 639 751 certis
655 684 758 750 modis
774 686 929 750 instructa
946 693 1045 750 erant.
1090 667 1200 766 itaque
1217 703 1326 749 eorum
1343 683 1406 750 dis-

293 791 482 856 tributiones
498 790 680 876 strophicae
705 791 769 856 alia
785 791 891 876 potius
916 811 1013 856 causa
1035 797 1125 855 ortae
1149 797 1229 856 sunt.
1274 811 1348 855 nam
1372 797 1406 854 nt

291 895 436 962 rhetores
453 896 575 978 antiqui
591 896 754 978 aequabili
778 897 917 981 partium
941 897 973 959 iu
994 895 1191 962 orationibus
1207 895 1358 961 divisioni
1375 902 1407 960 et

292 1001 504 1087 amplitudini,
520 1003 566 1066 ita
582 1008 697 1088 poetae
714 1003 887 1068 concinnae
905 1003 1079 1066 carminum
1094 1003 1358 1084 singularumque
1373 1003 1406 1066 in

293 1107 340 1173 eis
364 1107 594 1173 sententiarum
619 1107 741 1172 formae
766 1114 798 1172 et
822 1107 1014 1194 expositioni
1030 1109 1129 1176 multo
1146 1109 1250 1190 magis
1266 1108 1405 1172 indulse-

290 1220 374 1297 runt,
390 1235 486 1295 quam
502 1215 532 1278 ei
548 1215 739 1298 plerumque
755 1214 809 1295 qui
822 1213 917 1280 hodie
926 1214 1072 1280 versibus
1089 1213 1264 1279 condendis
1273 1217 1405 1298 operam

291 1318 376 1384 daut
415 1319 475 1385 hoc
498 1325 606 1384 autem
629 1339 710 1405 prae
725 1320 850 1414 'ceteris
874 1319 961 1384 cadit
983 1321 1016 1384 iu
1041 1341 1097 1386 eas
1121 1319 1244 1402 elegias
1268 1340 1348 1402 quas
1365 1318 1405 1384 de

291 1424 481 1490 urheRema
498 1425 691 1511 compositas
707 1445 781 1494 esse
790 1424 929 1508 vidimus
946 1425 988 1490 ad
998 1424 1184 1511 Callimachi
1200 1427 1398 1512 exemplum3

290 1552 365 1596 nam
387 1531 597 1597 Alexandrini
627 1537 780 1616 quantum
808 1531 928 1598 talibus
949 1530 1091 1598 artificiis
1114 1531 1269 1616 gaudium
1294 1552 1404 1618 perce·

290 1637 397 1723 periut
412 1644 521 1704 uotum
538 1644 594 1704 est
724 1669 730 1682 ·
1153 1691 1154 1696 ,

356 1817 357 1825 ¹
378 1744 436 1810 His
453 1743 641 1829 praemissis
659 1743 701 1808 ad
717 1763 785 1810 rem
801 1741 1025 1809 illustrandam
1049 1743 1114 1808 iarn
1126 1743 1204 1808 'libri
1220 1743 1320 1809 nostri
1336 1763 1403 1808 car-

289 1850 377 1914 mina
400 1849 521 1933 aliquot
541 1849 680 1935 strophis
704 1848 861 1934 disposita
885 1848 1094 1934 exprimenda
1117 1847 1236 1916 curabo
1259 1856 1355 1932 atque
1371 1850 1404 1913 iu

288 1955 338 2021 his
354 1953 585 2021 distributionis
602 1976 715 2021 causas
732 1957 831 2022 etiam
840 1947 1000 2042 copiosius
1017 1956 1203 2041 explicabo:
1225 1963 1403 2022 ceterorum

289 2069 395 2127 autem
413 2062 565 2126 formulas
582 2069 704 2128 tantum
713 2082 877 2148 apponam
886 2062 1001 2145 quibus
1018 2060 1104 2126 ducti
1121 2053 1257 2128 lectores
1275 2062 1402 2146 singula

288 2167 351 2254 ipsi
368 2167 395 2234 si
411 2169 516 2252 placet
532 2167 710 2252 exquirent.

739 2401 950 2408 m

378 2521 530 2623 Carmina
545 2576 564 2622 e
577 2556 667 2630 Sexti
680 2557 839 2644 Propertii
854 2558 1033 2642 elegiarum
1050 2545 1131 2624 libro
1150 2560 1258 2641 quinto
1269 2559 1403 2626 sublata.

677 2805 684 2816 ὓ
733 2714 884 2782 carmen
900 2717 954 2782 lo.

306 2874 343 2928 A.
356 2890 379 2928 a.
393 2875 454 2928 Hoc
472 2875 657 2945 quodcunque
675 2873 763 2942 vides,
783 2873 895 2948 hospes,
916 2890 972 2944 qua
989 2853 1107 2930 max'ima
1119 2879 1243 2946 Romast
1292 2923 1296 2934 .
1371 2879 1375 2888 ’

430 2968 494 3016 aute
507 2963 645 3032 Phrygem
658 2962 776 3018 Aenean
790 2963 870 3016 collis
883 2968 912 3018 et
925 2962 1012 3018 herba
1024 2963 1092 3018 fuit:
1379 2965 1381 2972 ’

393 3055 476 3120 atque
490 3049 538 3104 uhi
552 3049 644 3105 navali
658 3055 734 3105 stant
746 3066 824 3106 sacra
837 3051 947 3104 Palatia
959 3051 1083 3121 Phoebe,

428 3138 553 3194 Euandri
567 3139 703 3208 profugae
716 3140 892 3200 concubuere
906 3139 1002 3196 boves.

358 3263 385 3317 b.
399 3263 544 3318 Fictilibus
557 3277 669 3317 crevere
683 3263 743 3317 deis
756 3263 824 3318 haee
837 3279 921 3320 aurea
935 3265 1039 3334 templa

402 3403 404 3406 .
429 3366 479 3405 nee
491 3349 545 3404 fuit
558 3346 712 3420 opprobrio
725 3350 799 3408 facta
813 3352 873 3406 sine
886 3357 945 3408 arte
960 3368 1031 3421 casa,

392 3438 586 3508 Tarpeiusque
600 3443 681 3507 pater
694 3439 769 3493 nuda
782 3441 816 3496 de
830 3457 899 3510 rupe
913 3443 1039 3510 tonabat,

428 3532 457 3582 et
469 3526 580 3583 Tiberis
593 3526 696 3585 nostris
711 3528 821 3583 advena
832 3530 925 3584 bubus
939 3535 1006 3584 erat.

356 3667 379 3704 c.
393 3651 453 3715 Qua
471 3649 606 3720 gradibus
627 3651 726 3708 domus
745 3653 799 3707 ista
818 3654 899 3707 Remi
919 3669 948 3708 se
968 3654 1091 3722 sustulit,
1111 3655 1176 3708 olim

428 3755 500 3793 uuus
513 3745 574 3794 erat
585 3739 701 3794 fratrum
713 3741 833 3796 maxima
844 3757 931 3812 regua
943 3742 1023 3804 focus
1032 3763 1051 3811 34

392 3825 477 3896 curia,
490 3833 637 3897 praetexto
651 3843 721 3898 quae
735 3847 808 3884 nunc
820 3831 892 3896 nitet
905 3830 962 3890 alta
975 3837 1082 3897 senatu,

426 3915 541 3986 pellitos
553 3916 653 3972 habuit
664 3907 770 3973 rustica
782 3919 867 3974 eorda
879 3924 983 3987 patres.

298 4077 305 4090 .
356 4038 383 4092 d.
394 4037 502 4094 Bucina
513 4041 634 4109 cogebat
645 4042 755 4110 priscos
768 4041 805 4096 ad
817 4042 905 4096 verba
918 4040 1057 4105 Quirites:

426 4133 535 4182 centum
548 4128 589 4182 illi
602 4129 632 4182 iu
644 4135 726 4198 prato
740 4144 824 4196 saepe
839 4135 953 4183 senatus
966 4134 1043 4196 erat3

391 4231 442 4271 neo
454 4216 569 4273 sinuosa
582 4233 652 4272 caso
666 4206 901 4286 pendebantvela
914 4217 1032 4284 theatro,

425 4305 538 4377 pulpita
550 4304 695 4364 sollemnis
706 4320 764 4359 non
777 4304 872 4360 oluere
886 4317 991 4360 crocos.
