3192 5154
739 380 781 441 37

202 556 406 642 Propertium
423 559 627 621 euecaturus
640 572 713 620 esse
735 554 862 638 dieitur,
889 559 956 619 tum
977 576 1030 620 vv.
1050 558 1110 619 143
1133 557 1318 637 1111111111

202 665 344 730 minores
361 661 488 728 dolores
513 661 765 746 praedicuntur?
810 661 869 728 sed
893 663 1019 727 leviora
1043 660 1137 727 haee:
1163 662 1318 746 gravissi-

203 777 407 839 mumautem
424 768 571 852 illudes,
588 767 674 852 quod
684 768 784 834 huius
801 768 930 834 distichi
947 769 1321 854 sententieipsapuguat

203 899 275 944 oum
291 877 459 962 horosoopi
475 875 634 942 vaticinio
672 876 856 960 exemplum
873 875 958 941 enim
975 898 1038 960 quo
1055 877 1087 946 in
1103 875 1154 943 his
1170 877 1319 944 versibus

204 991 310 1050 utatur
326 990 436 1050 auctor
459 989 621 1068 sumptum
645 1003 718 1050 esse
733 979 805 1048 iure
821 1004 879 1050 suo
901 981 1010 1052 dieunt
1033 985 1225 1068 interpretes
1249 1002 1319 1050 ere
1341 992 1343 999 '

203 1091 377 1175 piscatoria
386 1096 419 1157 et
431 1089 553 1176 duplid
569 1090 643 1155 uuoi
660 1096 800 1156 etansae
816 1090 1026 1182 nominesiue
1042 1089 1140 1156 dubio
1156 1090 1318 1175 duplicem

202 1197 332 1263 hamum
357 1197 533 1282 signifieari
565 1193 684 1267 rolrint.
730 1203 764 1262 at
785 1196 906 1281 duplex
937 1197 1051 1264 hamus
1074 1198 1121 1262 ita
1143 1197 1228 1264 solet
1247 1218 1319 1283 esse

202 1311 415 1390 comparatus,
440 1311 482 1388 ut,
503 1304 531 1370 si
556 1323 710 1371 exeussus
725 1309 791 1388 est,
814 1322 878 1370 non
892 1304 995 1387 possit
1017 1305 1121 1370 altera
1143 1305 1236 1388 quasi
1259 1325 1320 1372 sua

203 1418 294 1495 parte
311 1413 433 1496 piseem
449 1413 566 1478 iterum
583 1431 704 1478 seoare.
736 1431 799 1494 quo
816 1411 916 1494 igitur
931 1416 1034 1500 paeto,
1050 1412 1195 1480 sinueris
1211 1418 1318 1480 mento

202 1515 367 1586 discussus
383 1524 441 1603 est,
457 1523 566 1587 tamen
582 1538 671 1601 ansa,
687 1538 784 1600 quam
801 1517 837 1582 et'
849 1518 954 1602 ipsam
971 1537 1086 1582 uneum
1103 1537 1176 1584 esse
1191 1525 1318 1584 eonten-

202 1622 289 1709 dunl,
312 1625 515 1708 Propertium
539 1643 686 1711 premere
701 1623 828 1689 fertur?
873 1624 971 1689 immo
991 1643 1072 1690 uneo
1088 1625 1141 1690 vel
1157 1644 1246 1707 ansa,
1263 1625 1318 1691 ubi

201 1737 307 1798 mento
324 1733 520 1807 eroussisset
527 1732 723 1816 Propertius,
739 1737 848 1806 temen
863 1729 1070 1798 nliudstatim
1083 1732 1260 1798 membrum
1269 1751 1318 1797 ar-

201 1845 327 1922 reptum
344 1857 415 1904 esse
431 1845 518 1903 reete
534 1837 710 1904 dioeb'atur.
744 1838 830 1921 quod
840 1858 984 1904 oumnou
995 1837 1319 1922 leotumsitapparet

201 1965 281 2011 unoo
297 1946 414 2028 opponi
431 1965 545 2010 ausam
563 1945 657 2027 quasi
672 1945 809 2011 alterum
832 1951 1033 2024 tormentum.
1072 1943 1200 2012 dloeudi
1218 1946 1318 2028 igitur

200 2053 321 2117 lumine
338 2056 549 2142 remoto3uua
570 2053 680 2135 puella
696 2052 833 2136 depulsa
856 2070 930 2118 mor
953 2053 1089 2130 alteram
1113 2071 1217 2136 aeque
1233 2051 1316 2117 dilli-

200 2159 294 2223 oilem
316 2164 497 2223 amaturum
530 2165 616 2228 esse.
633 2164 762 2244 poetam
786 2181 836 2225 vv.
864 2165 922 2224 141
949 2179 995 2242 sq;
1020 2159 1180 2230 audimus
1210 2161 1317 2242 atqui

200 2264 303 2329 Horos
320 2286 372 2330 vr.
390 2269 450 2331 139
468 2286 515 2348 sq.
532 2266 626 2331 unius
649 2267 778 2350 puellae
795 2265 897 2337 festus
913 2265 1045 2334 disertis
1068 2267 1177 2332 verbis
1200 2268 1317 2332 extulit

203 2376 234 2435 et
249 2369 284 2434 in
299 2369 366 2440 hae,
382 2372 445 2437 sibi
470 2375 593 2436 eonstat
615 2373 775 2438 sententia
792 2395 842 2439 vr.
863 2377 923 2438 113
941 2393 1010 2456 sqq.
1041 2373 1184 2458 Apollini
1201 2379 1318 2458 autem

202 2476 257 2558 qui
274 2496 326 2541 vv.
345 2481 405 2541 137
422 2498 469 2561 sq.
504 2477 641 2544 Veneris
657 2478 807 2544 militiam
823 2481 993 2564 Propertio
1009 2479 1134 2566 indicit,
1151 2479 1316 2548 111111111-

202 2583 298 2648 1111111
322 2571 427 2666 potest
448 2583 528 2650 illud
551 2584 592 2650 de
617 2604 762 2650 amorum
794 2591 867 2674 post
895 2607 1021 2652 amores
1045 2586 1317 2670 redintegratione

200 2689 400 2774 vatioiuium,
415 2690 468 2756 vel
475 2695 605 2775 propter
613 2693 788 2758 orationem
798 2691 979 2777 figuratam,
995 2692 1217 2760 abhorrentem
1228 2692 1317 2758 illam

200 2797 332 2881 quidem
349 2817 369 2861 a
385 2797 524 2882 s'implioi
540 2798 669 2866 dicendi
686 2819 806 2884 genere
823 2817 889 2883 quo
902 2799 936 2863 111
950 2799 1066 2866 1111111
1075 2799 1223 2868 versibus
1240 2821 1317 2866 usus

201 2910 249 2969 est
264 2905 454 2988 astrologus.
501 2926 578 2988 ergo
596 2928 647 2972 vv.
673 2911 729 2972 141
751 2927 797 2990 sq.
813 2913 885 2990 post
901 2927 930 2972 v.
951 2910 1011 2972 138
1028 2905 1228 2989 adiungendi
1244 2912 1317 2972 suut

200 3011 341 3092 reposita
356 3031 414 3093 pro
430 3021 459 3075 et
472 3012 631 3096 porticula
646 3032 725 3078 vooe
742 3021 775 3078 et.
792 3052 834 3059 —
851 3012 909 3079 sed
925 3012 1006 3079 haee
1016 3012 1147 3096 quidem
1162 3012 1316 3080 haetenus

200 3114 241 3181 de
258 3116 405 3182 versibus
422 3108 633 3202 transpositis.

288 3222 435 3318 Solent
458 3230 609 3309 autem,
638 3225 709 3290 ubi
733 3225 811 3290 alii
835 3245 985 3292 vorsus
1009 3246 1028 3291 e
1051 3245 1130 3290 sua
1153 3223 1252 3292 sede
1276 3227 1316 3291 iu

199 3329 940 3418 11111111111111111111111,1111111111]
964 3334 1115 3400 omitti.
1161 3334 1252 3410 ouius
1268 3334 1316 3399 rei

200 3436 338 3518 primum
361 3419 517 3504 habemus
542 3440 725 3522 exemplum
748 3440 786 3524 V,
811 3444 830 3505 3
855 3462 906 3507 vv.
931 3443 971 3505 13
989 3445 1097 3506 -52,
1143 3447 1240 3524 atque
1264 3461 1316 3507 vv.

105 3527 107 3530 Ι
200 3545 242 3607 49
260 3563 350 3625 sq.:·
905 3563 908 3572 ’

337 3657 428 3714 omnir
444 3672 529 3715 umor
543 3671 676 3734 maetam,
689 3658 747 3716 sed
760 3663 863 3734 operto
880 3657 1050 3733 1111111111
1064 3659 1175 3718 maror.-

412 3765 490 3824 huuc
511 3764 614 3836 Veram,
628 3766 760 3842 tet-atoue,
784 3766 903 3824 uentilat
917 3767 983 3841 1111
994 3767 1096 3840 focam
1126 3777 1131 3783 ’

198 3861 290 3948 hano,
307 3870 340 3928 ut
355 3865 421 3929 iam
437 3865 642 3932 Passeratius
654 3865 751 3950 uidit
774 3867 938 3932 ooutineut
950 3867 1159 3934 seutentiam:
1189 3887 1314 3934 omnem

199 3983 340 4035 amorem
357 3992 510 4054 maguum
528 3991 608 4055 esse,
624 3972 683 4038 sed
699 3973 856 4059 maiorem
872 3973 983 4039 uxoris
998 3973 1032 4038 iu
1048 3973 1194 4058 coniuge,
1219 3994 1313 4056 quam

199 4077 322 4142 amieae
337 4078 370 4141 iu
387 4083 531 4144 amatore
547 4099 700 4144 amorem.
746 4101 851 4163 neque
868 4081 1059 4146 oonieeturis
1083 4101 1162 4163 opus
1180 4086 1229 4146 est
1244 4081 1314 4164 qui-

199 4182 262 4246 bus
275 4181 332 4248 lros
347 4203 460 4250 versus
477 4185 578 4250 eritioi
594 4193 761 4252 vexarunt.
792 4186 887 4252 huius
901 4193 1008 4252 autem
1025 4185 1202 4252 sententiae
1219 4185 1314 4267 quale

198 4287 330 4354 tandem
344 4290 559 4355 tesdmouium
575 4291 741 4376 proferunt
757 4313 807 4358 vv.
827 4299 865 4356 51
884 4283 949 4375 squ
