3192 5154
765 407 784 470 9

218 582 242 666 l,
264 587 310 666 19,
330 586 386 664 13;
415 583 446 647 Il
467 589 492 666 1,
508 586 590 665 2403
611 591 668 647 art.
684 587 767 666 poet.
785 586 844 666 203
874 580 1213 665 ovid.faa1v‚517;
1235 581 1331 664 Vcrg.

218 689 297 753 Aen.
321 690 374 772 Vl,
399 695 479 772 5913
524 689 661 754 Martial.
684 689 721 772 ll,
753 693 857 773 35,1.
908 695 1049 754 ceterum
1073 686 1115 752 ad
1138 687 1331 753 locutionem

212 805 364 875 pastorem
381 800 424 860 ari
438 800 572 861 damiam
588 795 805 880 cfr..Pr0pcrt.
820 795 877 878 ΠΙ,
896 801 945 879 17,
962 801 990 859 5.

305 902 395 968 Alias
419 910 527 968 autem
560 903 757 987 corruptelas
785 899 911 967 codices
935 908 1101 967 traxerunt
1132 900 1331 967 evocabulis

217 1009 439 1093 transpositis;
468 1029 543 1072 nam
563 1007 804 1093 transpositioni
820 1006 990 1091 interdum,
1005 1015 1041 1072 61
1062 1028 1174 1073 versus
1198 1006 1331 1088 refinge-

131 1136 133 1144 ’
217 1121 313 1197 rotun,
329 1113 449 1180 futtiles
466 1116 667 1181 coniecturae
684 1113 816 1179 additae
833 1120 915 1178 6661.
966 1113 1055 1178 cuius
1075 1114 1123 1179 rei
1139 1112 1332 1178 166611616-

217 1242 287 1286 mus
304 1222 463 1305 exempla.
510 1221 648 1305 primum
664 1221 702 1302 V,
734 1227 760 1304 1,
789 1226 844 1285 101
866 1221 905 1286 N.
922 1217 958 1284 G.
982 1217 1183 1285 tradiderunt
1206 1226 1333 1284 Jumomis

213 1333 309 1405 facite
324 1337 418 1392 uotum
433 1332 630 1409 impetratam
659 1326 775 1391 deinde
792 1327 828 1410 V,
854 1331 882 1409 7,
899 1334 917 1391 5
935 1325 972 1390 G.
988 1327 1089 1392 verba
1105 1326 1152 1392 616
1167 1325 1333 1391 transiecit

216 1453 281 1496 eam
309 1439 379 1496 milti
409 1436 452 1496 'ab
488 1438 619 1510 exequiis
653 1453 768 1496 sommus
793 1440 940 1511 penderet
973 1439 1101 1514 amoris,
1143 1440 1210 1496 tum
1241 1431 1280 1515 V,
1306 1437 1332 1514 1,

221 1542 280 1602 117
298 1536 336 1602 G.
352 1536 600 1620 transpositione
616 1535 703 1601 facta
719 1543 901 1620 corruptam
918 1538 1107 1621 scripturam
1128 1541 1227 1602 eliade
1240 1543 1333 1602 vietor

216 1642 324 1709 versui
348 1641 618 1725 accommodavit,
648 1641 787 1725 denique
804 1641 842 1726 V,
867 1649 896 1726 7,
921 1647 961 1709 85
979 1643 1018 1708 N.
1041 1642 1150 1709 verbis
1174 1642 1333 1727 corruptis
1398 1669 1404 1682 ·

217 1756 249 1816 61
264 1748 468 1834 transpositis
485 1753 604 1813 rimmo
619 1756 696 1813 iacet
710 1755 769 1813 tae
791 1770 886 1814 aurea
908 1749 1059 1834 apposuit
1080 1748 1178 1814 etiam
1194 1750 1228 1814 in
1243 1748 1332 1814 initio

215 1867 277 1940 set;
297 1855 334 1920 G.
348 1861 456 1920 antem
471 1854 554 1920 hanc
568 1855 850 1939 transpositionem
860 1855 992 1920 admisit
1006 1860 1168 1937 iptoraaa
1183 1862 1260 1920 iacet
1274 1862 1333 1920 tae

217 1983 320 2027 aurea.
365 1960 425 2026 hac
441 1968 550 2026 antem
575 1961 800 2027 observatione
824 1960 937 2026 ducas
953 1960 1188 2027 Heimreichius
1209 1967 1332 2044 quaest

216 2069 361 2154 Propert.
377 2091 432 2154 66.
449 2073 491 2133 54
507 2087 554 2149 sq.
570 2067 608 2151 V,
626 2073 654 2151 7,
671 2072 723 2150 64,
739 2067 794 2132 ubi
811 2066 937 2133 codices
951 2067 1102 2133 exhibent
1111 2077 1239 2148 pectora
1253 2077 1333 2151 moia,

216 2175 261 2240 616
280 2175 422 2240 restituit
448 2184 576 2238 marram
597 2180 738 2239 historiae
763 2183 844 2238 mota·
860 2180 980 2254 pericla
1006 2195 1087 2240 suae.
1140 2174 1205 2238 iam
1236 2173 1333 2238 simili

218 2280 388 2364 medicina,
412 2280 439 2345 si
456 2279 533 2361 quid
548 2279 653 2364 rideo,
669 2299 782 2344 curare
799 2301 969 2365 possumus
985 2280 1022 2364 V,
1040 2287 1068 2364 7,
1088 2287 1140 2346 57.
1187 2301 1248 2361 quo
1263 2280 1333 2346 1666

218 2407 289 2451 cum
305 2385 432 2452 codices
449 2384 579 2452 tradant
1251 2466 1254 2474 Ι

377 2514 437 2556 aaa
455 2498 682 2573 Clytemmestrae
696 2501 826 2572 stuprum
842 2499 933 2569 osam
949 2500 1046 2557 altera
1064 2499 1188 2558 Cressae

454 2608 560 2678 portat
574 2604 711 2661 meratitae
726 2603 827 2677 lipara
841 2609 972 2662 moastra
988 2602 1083 2662 trouu:

216 2712 282 2772 tres
298 2711 495 2771 mortuorum
511 2702 607 2770 sedes
616 2703 856 2786 distinguuntur
865 2704 931 2784 (cfr.
943 2725 972 2770 v.
981 2703 1047 2791 59),
1064 2723 1247 2787 quanquam
1262 2705 1334 2789 1666

215 2817 313 2897 66616
327 2811 409 2878 duas
418 2819 552 2896 tantum,
568 2811 740 2895 proborum
750 2817 782 2875 61
790 2811 1018 2895 improborum,
1034 2810 1228 2894 significavit
1242 2832 1272 2877 v.
1281 2816 1333 2876 55.

215 2919 298 2984 hanc
313 2925 421 2985 autem
438 2927 473 2984 ut
488 2919 715 3000 abstergerent
729 2919 899 3001 maumam,
915 2938 987 2982 cum
1003 2939 1062 3002 pro
1079 2926 1176 2983 altera
1186 2937 1263 2984 voce
1280 2918 1331 2982 Li-

207 3026 340 3116 μ1166166
355 3047 474 3106 umaqae
489 3024 624 3090 Puccius
649 3034 775 3103 atraque
791 3023 1015 3090 Lachmannus
1040 3045 1077 3088 ac
1099 3035 1167 3088 rate
1190 3024 1331 3091 Jacobns

203 3114 268 3196 'vel
285 3143 407 3212 arteque
422 3131 476 3198 vel
492 3153 625 3211 ausaque
640 3130 736 3196 scribi
752 3131 909 3214 iuberent,
932 3150 1052 3214 omnes,
1068 3129 1157 3196 61116
1173 3131 1332 3196 sententia

215 3259 313 3321 quam
337 3237 477 3304 611161661
492 3245 668 3323 taceamus,
691 3237 854 3303 immerito
878 3237 1070 3302 vocabulum
1094 3243 1257 3302 mutarunt
1281 3237 1332 3302 cui

35 3383 37 3388 ·
89 3423 90 3428 ἵ
215 3365 353 3428 aequem
369 3367 433 3411 vox
448 3337 546 3411 altera
562 3367 591 3410 v.
609 3350 650 3411 59
675 3351 788 3430 aperte
812 3343 994 3429 respondet.
1027 3363 1151 3410 -veram
1175 3344 1332 3408 6161616-

215 3452 303 3517 venit
319 3451 551 3534 Hertzbergius
568 3450 737 3517 scribendo
760 3459 844 3516 uada
867 3458 1094 3531 Clytemaestrae
1111 3461 1243 3531 stuprum
1257 3457 1335 3516 uelat

216 3565 322 3634 altera,
349 3563 471 3621 Cressae
495 3595 546 3620 -.
578 3578 672 3640 quem
698 3564 824 3624 6666166
849 3564 897 3621 661
921 3557 1090 3641 Η6661166,
1113 3557 1175 3622 6161
1199 3555 1283 3640 quod
1305 3557 1333 3622 is

216 3665 315 3731 etiam
334 3670 467 3729 Cressam
486 3670 636 3727 mentitam
651 3664 786 3748 scripsit.
825 3661 884 3728 sed
905 3661 1086 3746 asyndeton
1102 3663 1187 3746 quod
1203 3663 1333 3730 admisit

214 3769 448 3852 Hertzbergius
465 3769 542 3835 ferri
559 3770 686 3834 omnino
702 3769 815 3852 nequit
838 3788 943 3850 neque
968 3768 1126 3854 exemplis
1150 3767 1333 3835 defenditur

216 3897 298 3960 quae
321 3878 392 3962 ipse
414 3875 544 3958 collegit
566 3875 590 3939 Ι.
614 3874 739 3960 6115.
794 3895 871 3957 ergo
903 3874 1097 3959 praesertim
1129 3896 1200 3940 cum
1235 3876 1332 3941 etiam

215 3983 347 4067 Hauptii
368 3983 551 4048 coniectura
574 3980 725 4047 addenda
749 3982 798 4066 611,
821 4001 862 4046 66
887 3981 1023 4046 obscura
1047 3980 1103 4044 fiat
1131 3981 1242 4066 oratio,
1271 4002 1332 4064 ego

216 4087 346 4171 quidem
362 4087 671 4154 dubitonumlocum
687 4089 742 4154 ille
751 4088 985 4174 personaverit.
1023 4087 1114 4169 atqui
1123 4105 1178 4152 cur
1187 4094 1332 4173 stuprum

216 4193 322 4280 potius
331 4192 589 4278 clytemnestras
599 4197 723 4262 notavit
730 4201 835 4282 poeta,
843 4215 942 4278 quam
952 4194 1086 4260 caedem
1094 4193 1201 4258 mariti
1211 4195 1252 4260 ab
1260 4195 1333 4282 ipsa

216 4299 463 4386 perpetratam?
510 4301 614 4384 quid?
645 4302 732 4384 quod
747 4303 851 4386 magis
868 4301 902 4366 id
925 4302 1088 4386 miramur,
1111 4299 1262 4383 quoniam
1279 4321 1348 4397 vv,
