3192 5154
713 404 755 466 29

136 643 140 652 .
179 578 320 647 refutant
343 577 494 648 carminis
519 577 710 644 divisionem
734 574 935 660 respiciendo
959 573 1001 643 ad
1024 573 1183 660 Apollinis
1206 572 1296 660 apud

179 688 307 753 Actium
328 683 592 767 auxilium'quod
617 705 668 750 vv.
689 685 830 748 11--68
855 687 1030 759 enarratur.
1076 681 1163 747 bella
1186 677 1295 746 tamen
1393 753 1396 760 .

180 794 234 880 qui
251 794 369 878 poterit
385 791 540 858 cecinisse
556 790 617 856 sibi
629 788 738 854 videri
749 789 777 854 is
794 788 848 870 qui
857 787 1015 873 Apollinis
1025 787 1163 852 Palatini
1179 785 1294 850 aedem

180 921 215 966 se
231 897 406 965 relaturum
423 918 494 964 csse
511 897 666 982 promittit
681 919 733 962 vv.
747 902 780 959 11
803 915 849 977 sq.
859 895 977 978 quique
993 894 1052 958 hoc
1068 898 1293 976 argumentum
1380 961 1385 964 ,

179 1008 321 1072 maxima
335 1005 494 1070 ¹carminis
519 1010 612 1089 parte
637 1002 782 1068 conlecta
805 1008 1009 1087 persecutum
1030 1019 1065 1065 se
1090 1019 1161 1067 esse
1185 997 1295 1065 scribit

178 1128 231 1180 viv.
248 1115 288 1179 67
307 1111 378 1195 sq?
410 1111 548 1194 denique
573 1111 627 1193 qui
647 1110 680 1174 in
702 1109 773 1194 ipso
791 1109 932 1176 carmine
956 1127 1084 1191 pugnae
1100 1105 1294 1171 mentionem

179 1221 212 1284 in
229 1226 413 1283 transcursu
436 1222 559 1280 tantum
580 1216 697 1298 iniecit
718 1213 777 1280 sed
792 1214 952 1299 Apollinis
969 1207 1093 1277 Actiaci
1118 1211 1294 1277 orationem

180 1332 212 1390 et
228 1325 382 1390 auxilium
399 1322 622 1407 copiosissime
646 1319 849 1406 explicarit?
891 1318 1012 1386 deinde
1034 1318 1130 1384 etiam
1155 1316 1294 1382 dissecto

179 1431 238 1495 lroc
254 1431 400 1507 carmine
411 1449 524 1494 versus
539 1429 614 1492 illos
630 1427 832 1513 probabilem
856 1426 976 1493 habere
998 1424 1293 1509 interpretationem

179 1557 278 1620 supra
292 1533 560 1618 significavimus:
589 1539 737 1618 spectant
759 1532 910 1596 nimirum
931 1531 973 1596 ad
990 1532 1117 1616 epicum
1133 1530 1294 1614 Propertii

180 1661 320 1709 carmen·
333 1661 394 1723 quo
418 1641 451 1704 in
472 1638 685 1705 describendo
709 1638 833 1724 proelio
857 1637 989 1702 Actiaco
1011 1636 1156 1720 inprimis
1178 1635 1294 1720 Apollo

59 1743 75 1771 ⁹
178 1747 277 1812 armis
293 1747 431 1829 insignis
445 1744 595 1810 laudatus
612 1750 689 1810 erat.
721 1765 799 1828 ergo
807 1743 865 1809 hos
875 1764 988 1809 versus
997 1742 1039 1807 ad
1047 1742 1193 1827 proxime
1206 1747 1294 1806 ante·
1423 1741 1428 1751 ’

179 1853 330 1919 cedentes
346 1852 469 1917 referre
492 1870 556 1915 non
578 1851 737 1934 cogimur3
767 1849 825 1916 sed
848 1869 890 1914 ne
913 1854 1046 1934 possunt
1069 1847 1197 1930 quidem
1220 1848 1294 1912 illuc

112 1965 115 1974 '
178 1961 348 2045 respicere.
393 1979 468 2024 nam
484 1964 612 2042 tempus
629 1956 714 2039 quod
730 1963 790 2020 iem
806 1961 848 2035 (v.
866 1959 919 2036 69)
944 1961 976 2020 ct
991 1977 1069 2020 acac
1092 1960 1133 2034 (v.
1152 1960 1205 2034 71)
1223 1976 1294 2038 par-

177 2066 283 2131 ticulis
307 2064 456 2130 delinitm·
481 2065 531 2129 alr
546 2064 600 2129 illo
617 2061 780 2129 diuersum
806 2067 855 2128 est
871 2082 933 2144 quo
949 2062 1036 2127 bella
1059 2061 1174 2127 occinit
1190 2067 1294 2146 poeta.

176 2169 258 2238 haec
281 2179 391 2236 tamen
419 2171 447 2236 si
479 2177 634 2236 tractasse
662 2169 763 2234 fertur
791 2168 959 2253 proximis·
975 2168 1121 2234 versibus
1149 2166 1295 2234 eiusdem

178 2278 305 2359 elegiae
321 2297 385 2359 qua
393 2295 484 2352 nunc
501 2275 626 2342 leviora
643 2281 834 2358 argumenta
851 2293 886 2340 se
902 2279 1014 2360 petere
1024 2273 1206 2357 adseverat,
1223 2294 1294 2357 pro·
1386 2289 1389 2294 ·

178 2381 261 2448 lecto
278 2383 373 2448 simul
386 2382 515 2464 utrique
536 2383 733 2466 rei-operam
750 2382 891 2464 navavit,
916 2381 1066 2466 quoniam
1085 2380 1199 2449 eodem
1214 2387 1294 2444 tem-

179 2509 257 2580 pore
273 2487 367 2553 huius
383 2489 533 2554 carminis
550 2507 664 2552 versus
680 2507 791 2554 omnes
808 2485 1004 2571 perscripsit.
1050 2507 1115 2569 qua
1139 2487 1179 2552 de
1197 2507 1298 2554 causa

178 2595 264 2660 bella
280 2601 376 2661 antea
392 2595 461 2665 alio
473 2594 624 2678 carmine,
648 2614 711 2659 non
731 2599 839 2658 nostro
856 2593 1024 2658 cantavit..
1052 2593 1162 2675 itaque
1186 2613 1227 2658 ne
1244 2615 1295 2660 vr.

178 2706 219 2768 69
237 2718 283 2784 sq.
301 2701 430 2783 quidem
447 2721 502 2766 eas
519 2701 573 2783 qui
597 2700 743 2786 proxime
759 2698 957 2783 praecedunt
981 2698 1132 2783 excipere
1154 2705 1296 2784 possunt.

176 2829 272 2893 porro
294 2807 438 2872 carmina
452 2807 611 2872 amatoria
635 2806 870 2889 compositurus
886 2804 1032 2872 Philetas
1057 2812 1089 2870 et
1106 2805 1298 2886 Callimachi

177 2915 361 2999 exemplum
373 2913 439 2980 sibi
456 2933 493 2980 se
505 2909 688 2998 'proponere
705 2914 818 2979 merito
834 2919 946 2977 narrat
962 2917 1059 2997 poeta
1074 2913 1129 2997 IV,
1150 2919 1175 2996 1,
1193 2919 1205 2976 1
1227 2933 1294 2994 sqq.

176 3025 210 3084 at
224 3019 276 3084 hic
292 3039 364 3084 cum
380 3018 422 3084 de
437 3019 596 3102 Apollinis
612 3017 753 3082 Palatini
769 3019 821 3083 vel
842 3019 962 3102 templo
987 3019 1039 3084 vel
1062 3017 1147 3084 ludis
1170 3017 1295 3101 grande

178 3145 307 3190 carmen
332 3123 479 3216 editurus
501 3125 551 3208 sit,
584 3125 679 3207 quale
704 3125 829 3212 etipse
853 3145 905 3190 vv.
929 3129 968 3188 12
993 3144 1061 3206 sqq.
1086 3123 1241 3209 promittit
1264 3131 1295 3190 et

175 3215 383 3314 Heaibergii
399 3232 567 3315 sententia,
583 3231 610 3296 si
627 3251 707 3296 vera
724 3238 781 3315 est,
798 3232 948 3316 postulat,
965 3229 1042 3314 quid
1057 3237 1223 3297 Philetceos
1246 3253 1293 3296 ro·

166 3342 291 3418 ‘malos
307 3342 393 3417 (1.3)
409 3344 441 3404 et
460 3343 627 3420 Cyrenaeas
643 3334 739 3418 aquas
755 3343 795 3417 (v.
805 3343 845 3417 1)·
856 3344 975 3432 crepat,
991 3358 1044 3403 res
1061 3337 1103 3402 ab
1113 3339 1295 3420 argumenti

176 3444 339 3524 gravitate
356 3443 521 3510 absonas?
553 3450 663 3509 contra
678 3444 808 3510 levioris
826 3444 985 3527 carminis,
1003 3444 1210 3526 qualevvstr
1226 3466 1294 3527 sqq.

175 3550 362 3634 pertexitur,
375 3550 453 3615 iusti
469 3551 517 3614 illi
534 3544 677 3616 feruntur
690 3558 846 3616 auctores.
879 3557 911 3614 at
928 3551 982 3632 qui
998 3561 1092 3619 vatem
1106 3571 1143 3616 se
1150 3552 1295 3636 appellat

175 3661 313 3736 elnaem
328 3677 360 3720 sc
371 3662 480 3734 secere
494 3659 681 3742 pronuntiat
694 3679 723 3722 v.
745 3664 769 3740 l,
785 3657 813 3722 is
829 3657 953 3740 grando
970 3657 1170 3742 proaemium
1187 3656 1294 3721 condit

174 3761 303 3834 sublimi
325 3762 458 3831 carmini
481 3763 573 3828 unice
597 3769 717 3849 aptum.
772 3762 830 3830 sed
855 3762 1173 3851 ridentcmpoetam.
1188 3781 1293 3842 nonne

144 3929 148 3936 .
172 3868 346 3951 agnoscis?
378 3869 433 3952 qui
449 3869 677 3936 comissaturus
695 3875 758 3949 (vv.
777 3876 814 3934 71
833 3876 914 3953 sqq.)
932 3869 1057 3936 Baccho
1079 3891 1172 3936 sacra
1196 3887 1231 3936 se
1248 3869 1293 3934 la·

174 3993 247 4039 cere
261 3975 369 4042 iactat.
415 3996 457 4044 an
474 3977 572 4044 etiam
587 3977 641 4060 IV,
661 3982 687 4060 1,
713 3981 731 4042 3
748 3983 890 4042 sacerdos
905 3976 985 4045 illud
1001 3997 1022 4040 a
1047 3976 1200 4042 carminis
1216 3975 1294 4042 levi-

173 4086 241 4144 tate
250 4080 444 4166 discrepat?
491 4081 630 4166 denique
646 4103 676 4149 r.
697 4090 752 4149 10:
793 4125 795 4130 -
843 4132 848 4148 .
1238 4083 1239 4086 ’

435 4211 519 4270 para
533 4211 638 4255 aorem
652 4198 713 4256 cati
729 4199 835 4255 laurea
850 4197 940 4257 mollit
955 4197 1019 4272 iter,

174 4311 238 4373 quo
252 4281 332 4392 nori
341 4295 470 4375 generis
487 4315 621 4374 carmen¹
633 4317 667 4362 se
683 4297 833 4364 incohare
842 4297 1027 4382 pronuntiat
1042 4304 1151 4382 pocta,
1170 4281 1293 4384 optimc¹
1322 4291 1324 4298 ’
