3192 5154
816 427 835 486 5

270 610 407 668 clmaooit
421 603 460 666 N.
476 607 627 666 1551155511
642 598 694 681 Ge
715 599 757 664 de
781 619 843 681 quo
859 597 928 662 loeo
944 620 974 664 v.
990 597 1148 664 Jaoobum
1165 603 1197 663 et
1213 595 1383 662 Hertzber-

223 730 227 737 ·
268 710 365 792 giam.
391 745 432 754 -—
458 707 778 792 7,51555515111511.
801 709 966 770 revocabile
989 703 1026 768 G.
1032 727 1042 786 3
1070 703 1111 770 de
1127 725 1191 787 555
1214 723 1312 770 55555
1327 702 1382 768 etr.

269 814 494 880 Laohmannus
518 821 550 879 et
569 813 809 895 Hertzbergius
834 849 876 860 -
900 815 929 896 7,
953 811 994 876 55
1018 817 1122 876 sortito
1145 811 1184 874 N.
1208 817 1322 892 5555115
1345 808 1383 874 G.

269 920 355 1004 quod
376 927 523 1007 apertum
538 920 630 986 verbi
644 927 750 985 sortita
764 918 894 1002 paulum
903 917 1048 1001 ambigui
1062 918 1384 1004 interpretamentum

269 1035 326 1094 551
343 1065 385 1076 -
403 1035 431 1111 7,
447 1033 488 1093 59
500 1039 597 1109 porto
612 1027 651 1092 N.
659 1037 743 1092 aeota
758 1025 797 1091 G.
806 1025 891 1108 quod
900 1026 953 1090 vix
961 1025 1156 1111 perspicitur
1173 1044 1236 1106 qua
1252 1019 1383 1088 tandem

269 1133 450 1220 eorruptela
466 1145 591 1215 eperia
606 1132 763 1200 voeabula
779 1132 868 1198 55551
893 1133 1055 1218 potuerit:
1079 1152 1157 1215 ergo
1180 1130 1233 1194 hie
1255 1149 1383 1212 quoque

269 1247 379 1326 spreta
393 1239 512 1305 15151151
522 1239 559 1304 G.
568 1241 752 1306 5551551555
760 1241 800 1304 N.
808 1239 949 1323 vestigia
957 1237 1098 1304 tenenda
1110 1244 1193 1303 suut.
1223 1257 1243 1303 e
1259 1237 1384 1319 quibus,

269 1367 341 1412 eum
356 1359 497 1412 55555515
506 1354 634 1428 phaselo
658 1349 779 1434 probas
802 1347 955 1412 mulieres
979 1344 1167 1410 molliter
1185 1339 1383 1429 in'Elysium

268 1453 394 1520 delatas
417 1473 489 1519 esse
512 1454 683 1520 manifesto
706 1453 928 1536 designaverit
948 1459 1069 1535 auctor,
1099 1449 1245 1516 eiusdem
1269 1449 1383 1515 eoloris

267 1561 402 1626 verbum
426 1560 625 1646 reposuerim
648 1581 707 1645 pro
730 1559 874 1624 PARTA
897 1557 1067 1625 scribendo
1082 1555 1273 1636 LAPSA*).
1296 1576 1383 1622 eoro-

267 1675 343 1733 5515
358 1671 466 1732 autem
483 1667 618 1753 phaselo
633 1667 700 1731 labi
716 1665 864 1733 dieantur
879 1665 1004 1749 mortui,
1025 1669 1059 1728 ut
1074 1663 1188 1730 eodem
1204 1663 1383 1730 sententiae

267 1774 373 1840 eotore
405 1772 540 1839 Ovidius
571 1775 645 1839 Her.
668 1773 709 1858 X,
741 1779 781 1840 65
806 1785 838 1836 al
859 1783 927 1837 rote
945 1778 1029 1851 felioc·
1058 1770 1163 1853 155511
1188 1780 1307 1851 555515
1323 1791 1385 1852 per

268 1902 401 1960 55555555
423 1885 520 1945 labar.
558 1887 727 1964 praeterea
749 1879 805 1944 515.
822 1876 1078 1962 0551151111,
1103 1883 1161 1959 51;
1189 1876 1287 1960 Verg.
1303 1876 1383 1942 Aen.

269 1987 413 2070 VIII‚9t.
424 2023 463 2034 -
474 1991 504 2070 9,
520 1990 651 2051 345555
658 1987 698 2050 N.
707 1997 804 2050 oestro
814 1983 866 2068 G.;
881 2006 900 2052 e
915 1983 1282 2070 5555551511555151555
1297 1982 1383 2066 quod

267 2112 378 2158 verum
395 2099 445 2158 est
457 2100 538 2172 sana
546 2093 654 2158 elicuit
662 2091 818 2178 Scaliger.
835 2131 877 2188 ,-
893 2097 923 2176 9,
932 2097 972 2155 41)
982 2098 1111 2156 advolas
1122 2091 1162 2156 N.
1172 2099 1217 2156 ad
1228 2101 1318 2156 natas
1325 2088 1377 2172 G.;

267 2219 330 2280 quo
345 2198 416 2263 loeo
432 2199 547 2264 merito
570 2201 609 2263 N.
633 2207 761 2266 5555155
782 2198 880 2265 seribi
904 2198 997 2264 iussit
1012 2205 1170 2263 55555155
1184 2197 1327 2264 Koehius
1349 2196 1383 2262 15

267 2305 370 2390 symb.
386 2303 439 2389 ph.
455 2306 491 2368 Β.
507 2329 537 2392 p.
554 2310 636 2371 329:
665 2326 771 2388 neque
794 2303 1095 2370 enim-Lachmanni
1117 2304 1382 2390 interpretatione

267 2411 419 2477 551151115
434 2409 557 2476 difficili
573 2412 730 2495 languere
751 2410 847 2477 desiit
869 2411 949 2477 illud
972 2419 1017 2476 ad
1029 2422 1126 2476 natas.
1150 2449 1193 2460 -
1216 2417 1247 2496 9,
1272 2415 1313 2476 70
1329 2431 1380 2475 ex-

266 2523 428 2582 lerasinamr
452 2517 492 2581 N.
513 2523 612 2582 555511
634 2516 689 2600 G.;
722 2514 813 2600 quod'
828 2515 1023 2584 adieetirum
1053 2539 1125 2584 5555
1148 2517 1288 2602 Herculi,
1311 2516 1381 2584 5155

267 2621 449 2708 fortissimo,
464 2622 599 2688 inditum
609 2624 695 2690 omni
709 2622 852 2710 pondere
865 2630 983 2709 555551,
999 2645 1040 2690 ex
1048 2623 1191 2690 absurda
1199 2624 1382 2689 5551551555

266 2735 370 2794 ortum
386 2749 459 2795 esse
483 2738 634 2816 5555555
663 2752 739 2797 nam
762 2730 849 2797 unde
872 2731 905 2795 15
929 2738 1070 2797 monstro
1093 2731 1149 2795 illo
1173 2736 1383 2814 maranata,

266 2835 357 2902 55155
371 2843 404 2900 ni
418 2837 577 2922 syllabam
586 2837 805 2922 dittographia
816 2843 924 2902 natam
943 2858 1014 2904 esse
1023 2836 1229 2903 manifestum
1238 2843 1295 2921 est,
1311 2859 1383 2923 555-

266 2942 352 3010 15515
367 2950 475 3009 555551
490 2951 545 3009 aut
561 2949 609 3008 ter‘
622 2950 678 3009 551
692 2953 762 3010 wa?
799 2964 878 3028 ergo
902 2964 964 3028 ego
988 2944 1119 3028 quidem
1142 2945 1248 3010 nullus
1272 2942 1383 3009 dubito

268 3049 392 3114 Heinsii
415 3050 629 3115 oonieoturam
654 3062 804 3116 aeteram
827 3050 982 3136 55515555,
1005 3051 1126 3136 551555
1149 3070 1234 3134 5555
1258 3057 1291 3116 51
1311 3070 1382 3116 sen·

266 3154 388 3220 tentiae
404 3155 584 3222 satisfaciat
600 3165 633 3223 et
656 3157 839 3242 corruptele
862 3176 925 3239 555
949 3155 1043 3221 modo
1067 3162 1138 3222 orta
1161 3157 1203 3222 sit
1225 3155 1382 3222 ostendat

266 3298 309 3308 -
337 3266 385 3346 10,
409 3263 546 3353 27511.
569 3285 587 3328 o
608 3263 667 3347 G.;
695 3269 793 3348 atque
816 3263 877 3329 hoe
900 3262 1106 3349 perspicuum
1128 3283 1206 3328 sane
1230 3269 1280 3328 551
1305 3262 1382 3346 quid

265 3366 433 3452 signifieat,
448 3389 513 3434 non
528 3370 583 3453 551
599 3370 761 3457 eorrumpi
775 3370 925 3457 potuerit.
957 3389 1035 3453 ergo
1048 3369 1086 3434 N.
1096 3370 1236 3454 vestigia
1254 3376 1382 3436 5555155

266 3476 465 3556 reposuerim
479 3483 543 3560 555,
559 3476 645 3558 quod
661 3478 854 3543 vocabulum
871 3496 911 3541 ex
920 3474 1036 3542 eadem
1046 3475 1190 3541 oodieum
1200 3477 1383 3562 corruptela

265 3577 405 3644 5551115511
428 3580 571 3648 Muretus
595 3585 740 3668 Propert.
762 3584 820 3666 III,
847 3588 896 3665 12,
922 3588 971 3646 15.
1006 3618 1047 3628 -
1075 3587 1124 3665 to,
1148 3586 1189 3647 34
1214 3591 1299 3648 anea
1321 3603 1382 3664 555

265 3690 382 3748 aratum
405 3687 445 3750 N.
468 3693 614 3768 51555555
636 3695 784 3753 inmanes
808 3688 863 3770 G.;
900 3685 941 3753 de
964 3707 1028 3770 qua
1051 3688 1212 3773 5551515555
1235 3689 1381 3755 5155515-

265 3811 426 3856 mannum.
454 3831 491 3842 -
522 3798 575 3878 ro,
592 3801 630 3859 41
656 3778 1142 3859 55555515555555555.
1166 3832 1208 3841 -
1237 3802 1292 3878 11,
1320 3800 1381 3860 ron

265 3904 351 3977 55515
380 3899 518 3981 11155515
537 3898 592 3983 (1.5
612 3900 667 3965 ubi
691 3901 763 3966 eN.
780 3899 1001 3966 Broukhusiue
1017 3908 1081 3966 5515
1102 3901 1308 3966 555111511-
1332 3901 1382 3968 his

267 4077 477 4089 *—

337 4164 360 4226 ⁸)
379 4163 476 4232 Neque
500 4171 618 4234 propter
636 4167 727 4235 ipsam
751 4165 829 4219 illam
854 4167 1009 4220 sententiae
1033 4171 1160 4219 naturam
1183 4165 1267 4220 seribi
1286 4170 1382 4234 potest

265 4259 353 4320 55515,
372 4253 449 4318 quod
467 4258 560 4308 tamen
576 4255 693 4309 verbum
711 4259 741 4309 et
758 4268 776 4306 5
792 4253 826 4306 N.
845 4253 985 4322 scriptura
997 4269 1087 4322 prope
1106 4255 1187 4307 abest
1205 4261 1235 4307 et
1247 4269 1333 4322 saepe
1345 4255 1381 4310 de

266 4339 383 4392 mortuis
396 4347 548 4408 555555155
566 4343 645 4396 55151
662 4341 820 4410 5Ρ5ο5551
835 4343 868 4408 V,
887 4348 927 4418 11,
941 4347 983 4395 titi.
