<?xml version="1.0" encoding="UTF-8"?>
<!DOCTYPE html PUBLIC "-//W3C//DTD XHTML 1.0 Transitional//EN"
    "http://www.w3.org/TR/xhtml1/DTD/xhtml1-transitional.dtd">
<html xmlns="http://www.w3.org/1999/xhtml" xml:lang="en" lang="en">
 <head>
  <title>
</title>
<meta http-equiv="Content-Type" content="text/html;charset=utf-8" />
  <meta name='ocr-system' content='tesseract 3.04.00' />
  <meta name='ocr-capabilities' content='ocr_page ocr_carea ocr_par ocr_line ocrx_word'/>
</head>
<body>
  <div class='ocr_page' id='page_1' title='image "./commentationesp00lutjgoog_0057.png"; bbox 0 0 3192 5154; ppageno 0'>
   <div class='ocr_carea' id='block_1_1' title="bbox 798 387 840 452">
    <p class='ocr_par' dir='ltr' id='par_1_1' title="bbox 798 387 840 452">
     <span class='ocr_line' id='line_1_1' title="bbox 798 387 840 452; baseline 0.048 -2"><span class='ocrx_word' id='word_1_1' title='bbox 798 387 840 452; x_wconf 76' lang='lat'><strong>48</strong></span> 
     </span>
    </p>
   </div>
   <div class='ocr_carea' id='block_1_2' title="bbox 200 559 1406 3097">
    <p class='ocr_par' dir='ltr' id='par_1_2' title="bbox 200 559 1406 3097">
     <span class='ocr_line' id='line_1_2' title="bbox 260 559 1375 646; baseline 0.004 -22"><span class='ocrx_word' id='word_1_2' title='bbox 260 559 472 626; x_wconf 80' lang='lat' dir='ltr'>Vertumnum</span> <span class='ocrx_word' id='word_1_3' title='bbox 487 561 626 627; x_wconf 85' lang='lat' dir='ltr'><strong>locutum</strong></span> <span class='ocrx_word' id='word_1_4' title='bbox 636 582 709 626; x_wconf 83' lang='lat' dir='ltr'><strong>esse</strong></span> <span class='ocrx_word' id='word_1_5' title='bbox 718 582 825 626; x_wconf 86' lang='lat' dir='ltr'><strong>eoram</strong></span> <span class='ocrx_word' id='word_1_6' title='bbox 833 561 960 646; x_wconf 90' lang='lat' dir='ltr'><strong>hospite</strong></span> <span class='ocrx_word' id='word_1_7' title='bbox 969 563 1185 628; x_wconf 87' lang='lat' dir='ltr'><strong>statuerimus</strong></span> <span class='ocrx_word' id='word_1_8' title='bbox 1215 563 1375 646; x_wconf 90' lang='lat' dir='ltr'><strong>simulque</strong></span> 
     </span>
     <span class='ocr_line' id='line_1_3' title="bbox 261 666 1376 755; baseline 0.003 -24"><span class='ocrx_word' id='word_1_9' title='bbox 261 667 509 751; x_wconf 68' lang='lat' dir='ltr'><strong>explanavimus</strong></span> <span class='ocrx_word' id='word_1_10' title='bbox 532 667 575 750; x_wconf 91' lang='lat' dir='ltr'><strong>id,</strong></span> <span class='ocrx_word' id='word_1_11' title='bbox 598 668 631 730; x_wconf 92' lang='lat' dir='ltr'><strong>iu</strong></span> <span class='ocrx_word' id='word_1_12' title='bbox 655 689 718 749; x_wconf 86' lang='lat' dir='ltr'><strong>qno</strong></span> <span class='ocrx_word' id='word_1_13' title='bbox 734 666 840 732; x_wconf 82' lang='lat' dir='ltr'><strong>haesit</strong></span> <span class='ocrx_word' id='word_1_14' title='bbox 854 667 1088 732; x_wconf 88' lang='lat' dir='ltr'><strong>Heimreichius</strong></span> <span class='ocrx_word' id='word_1_15' title='bbox 1103 669 1136 731; x_wconf 91' lang='lat' dir='ltr'><strong>iu</strong></span> <span class='ocrx_word' id='word_1_16' title='bbox 1152 670 1255 754; x_wconf 84' lang='lat' dir='ltr'>symb.</span> <span class='ocrx_word' id='word_1_17' title='bbox 1271 669 1324 755; x_wconf 94' lang='lat' dir='ltr'><strong>ph.</strong></span> <span class='ocrx_word' id='word_1_18' title='bbox 1340 671 1376 734; x_wconf 94' lang='lat' dir='ltr'><strong>B.</strong></span> 
     </span>
     <span class='ocr_line' id='line_1_4' title="bbox 212 773 1374 860; baseline 0.001 -22"><span class='ocrx_word' id='word_1_19' title='bbox 212 851 218 860; x_wconf 33' lang='lat'><strong><em>¹</em></strong></span> <span class='ocrx_word' id='word_1_20' title='bbox 260 795 290 858; x_wconf 94' lang='lat' dir='ltr'><strong>p.</strong></span> <span class='ocrx_word' id='word_1_21' title='bbox 300 779 374 858; x_wconf 78' lang='grc'>678,</span> <span class='ocrx_word' id='word_1_22' title='bbox 390 773 475 857; x_wconf 88' lang='lat' dir='ltr'><strong>quod</strong></span> <span class='ocrx_word' id='word_1_23' title='bbox 492 775 618 838; x_wconf 89' lang='lat' dir='ltr'><strong>cuinam</strong></span> <span class='ocrx_word' id='word_1_24' title='bbox 634 781 783 838; x_wconf 81' lang='lat' dir='ltr'><strong>narraret</strong></span> <span class='ocrx_word' id='word_1_25' title='bbox 792 775 986 840; x_wconf 82' lang='lat' dir='ltr'><strong>Vertumnus</strong></span> <span class='ocrx_word' id='word_1_26' title='bbox 1002 774 1141 840; x_wconf 91' lang='lat' dir='ltr'><strong>nominis</strong></span> <span class='ocrx_word' id='word_1_27' title='bbox 1150 777 1200 840; x_wconf 94' lang='lat' dir='ltr'><strong>sui</strong></span> <span class='ocrx_word' id='word_1_28' title='bbox 1217 776 1374 858; x_wconf 83' lang='lat' dir='ltr'>originem</span> 
     </span>
     <span class='ocr_line' id='line_1_5' title="bbox 259 875 1375 967; baseline 0.003 -25"><span class='ocrx_word' id='word_1_29' title='bbox 259 899 323 944; x_wconf 89' lang='lat' dir='ltr'><strong>nou</strong></span> <span class='ocrx_word' id='word_1_30' title='bbox 338 887 522 966; x_wconf 76' lang='lat' dir='ltr'>appareret</span> <span class='ocrx_word' id='word_1_31' title='bbox 547 875 679 945; x_wconf 77' lang='lat' dir='ltr'><strong>&#39;verum</strong></span> <span class='ocrx_word' id='word_1_32' title='bbox 696 881 824 945; x_wconf 85' lang='lat' dir='ltr'><strong>etiamsi</strong></span> <span class='ocrx_word' id='word_1_33' title='bbox 848 900 954 945; x_wconf 86' lang='lat' dir='ltr'><strong>meam</strong></span> <span class='ocrx_word' id='word_1_34' title='bbox 970 881 1163 946; x_wconf 84' lang='lat' dir='ltr'><strong>seutentiam</strong></span> <span class='ocrx_word' id='word_1_35' title='bbox 1179 902 1243 946; x_wconf 91' lang='lat' dir='ltr'><strong>non</strong></span> <span class='ocrx_word' id='word_1_36' title='bbox 1260 883 1375 967; x_wconf 87' lang='lat' dir='ltr'><strong>proba-</strong></span> 
     </span>
     <span class='ocr_line' id='line_1_6' title="bbox 260 985 1380 1072; baseline 0.002 -22"><span class='ocrx_word' id='word_1_37' title='bbox 260 1004 348 1069; x_wconf 85' lang='lat' dir='ltr'><strong>vero,</strong></span> <span class='ocrx_word' id='word_1_38' title='bbox 371 992 501 1050; x_wconf 88' lang='lat' dir='ltr'><strong>netum</strong></span> <span class='ocrx_word' id='word_1_39' title='bbox 526 986 656 1069; x_wconf 91' lang='lat' dir='ltr'><strong>quidem</strong></span> <span class='ocrx_word' id='word_1_40' title='bbox 680 986 918 1072; x_wconf 88' lang='lat' dir='ltr'><strong>desperandum</strong></span> <span class='ocrx_word' id='word_1_41' title='bbox 942 989 1004 1052; x_wconf 93' lang='lat' dir='ltr'><strong>erit</strong></span> <span class='ocrx_word' id='word_1_42' title='bbox 1019 985 1060 1053; x_wconf 89' lang='lat' dir='ltr'><strong>de</strong></span> <span class='ocrx_word' id='word_1_43' title='bbox 1076 989 1227 1054; x_wconf 87' lang='lat' dir='ltr'><strong>carminis</strong></span> <span class='ocrx_word' id='word_1_44' title='bbox 1243 985 1380 1054; x_wconf 87' lang='lat' dir='ltr'><strong>secundi</strong></span> 
     </span>
     <span class='ocr_line' id='line_1_7' title="bbox 260 1088 1375 1180; baseline 0.004 -25"><span class='ocrx_word' id='word_1_45' title='bbox 260 1088 332 1156; x_wconf 87' lang='lat' dir='ltr'><strong>fide.</strong></span> <span class='ocrx_word' id='word_1_46' title='bbox 365 1093 572 1175; x_wconf 87' lang='lat' dir='ltr'><strong>nequeenim</strong></span> <span class='ocrx_word' id='word_1_47' title='bbox 588 1093 691 1174; x_wconf 84' lang='lat' dir='ltr'><strong>solum</strong></span> <span class='ocrx_word' id='word_1_48' title='bbox 706 1093 875 1178; x_wconf 80' lang='lat' dir='ltr'><strong>hospitem,</strong></span> <span class='ocrx_word' id='word_1_49' title='bbox 897 1095 930 1157; x_wconf 91' lang='lat' dir='ltr'><strong>in</strong></span> <span class='ocrx_word' id='word_1_50' title='bbox 955 1114 1050 1177; x_wconf 90' lang='lat' dir='ltr'><strong>quem</strong></span> <span class='ocrx_word' id='word_1_51' title='bbox 1075 1115 1154 1160; x_wconf 87' lang='lat' dir='ltr'><strong>sane</strong></span> <span class='ocrx_word' id='word_1_52' title='bbox 1176 1095 1315 1180; x_wconf 90' lang='lat' dir='ltr'><strong>primum</strong></span> <span class='ocrx_word' id='word_1_53' title='bbox 1339 1115 1375 1160; x_wconf 89' lang='lat' dir='ltr'><strong>se</strong></span> 
     </span>
     <span class='ocr_line' id='line_1_8' title="bbox 260 1197 1376 1290; baseline 0.003 -27"><span class='ocrx_word' id='word_1_54' title='bbox 260 1199 426 1284; x_wconf 80' lang='lat' dir='ltr'><strong>convertit,</strong></span> <span class='ocrx_word' id='word_1_55' title='bbox 440 1197 723 1284; x_wconf 87' lang='lat' dir='ltr'><strong>adloquitnrdens,</strong></span> <span class='ocrx_word' id='word_1_56' title='bbox 739 1197 797 1266; x_wconf 89' lang='lat' dir='ltr'><strong>sed</strong></span> <span class='ocrx_word' id='word_1_57' title='bbox 810 1207 910 1264; x_wconf 82' lang='lat' dir='ltr'><strong>totam</strong></span> <span class='ocrx_word' id='word_1_58' title='bbox 926 1200 1053 1265; x_wconf 88' lang='lat' dir='ltr'><strong>turbam</strong></span> <span class='ocrx_word' id='word_1_59' title='bbox 1070 1221 1166 1290; x_wconf 79' lang='lat' dir='ltr'><strong>quam</strong></span> <span class='ocrx_word' id='word_1_60' title='bbox 1182 1208 1257 1266; x_wconf 90' lang='lat' dir='ltr'><strong>ante</strong></span> <span class='ocrx_word' id='word_1_61' title='bbox 1274 1201 1376 1288; x_wconf 90' lang='lat' dir='ltr'><strong>pedes</strong></span> 
     </span>
     <span class='ocr_line' id='line_1_9' title="bbox 261 1305 1375 1393; baseline 0.002 -24"><span class='ocrx_word' id='word_1_62' title='bbox 261 1325 335 1370; x_wconf 89' lang='lat' dir='ltr'><strong>suos</strong></span> <span class='ocrx_word' id='word_1_63' title='bbox 358 1309 576 1373; x_wconf 85' lang='lat' dir='ltr'><strong>transeuntem</strong></span> <span class='ocrx_word' id='word_1_64' title='bbox 600 1305 690 1372; x_wconf 84' lang='lat' dir='ltr'><strong>videt</strong></span> <span class='ocrx_word' id='word_1_65' title='bbox 714 1306 782 1386; x_wconf 84' lang='lat' dir='ltr'><strong>(cir.</strong></span> <span class='ocrx_word' id='word_1_66' title='bbox 805 1328 834 1372; x_wconf 89' lang='lat' dir='ltr'><strong>v.</strong></span> <span class='ocrx_word' id='word_1_67' title='bbox 852 1313 871 1370; x_wconf 87' lang='lat'>5</span> <span class='ocrx_word' id='word_1_68' title='bbox 896 1313 928 1372; x_wconf 90' lang='lat' dir='ltr'><strong>et</strong></span> <span class='ocrx_word' id='word_1_69' title='bbox 943 1329 995 1372; x_wconf 85' lang='lat' dir='ltr'><strong>vv.</strong></span> <span class='ocrx_word' id='word_1_70' title='bbox 1011 1315 1052 1372; x_wconf 83' lang='lat'><strong>55</strong></span> <span class='ocrx_word' id='word_1_71' title='bbox 1069 1306 1140 1393; x_wconf 89' lang='lat' dir='ltr'><strong>sq.).</strong></span> <span class='ocrx_word' id='word_1_72' title='bbox 1184 1307 1218 1370; x_wconf 92' lang='lat' dir='ltr'><strong>id</strong></span> <span class='ocrx_word' id='word_1_73' title='bbox 1234 1307 1296 1372; x_wconf 92' lang='lat' dir='ltr'><strong>nisi</strong></span> <span class='ocrx_word' id='word_1_74' title='bbox 1311 1314 1375 1373; x_wconf 89' lang='lat' dir='ltr'><strong>sta-</strong></span> 
     </span>
     <span class='ocr_line' id='line_1_10' title="bbox 260 1409 1376 1496; baseline 0.004 -21"><span class='ocrx_word' id='word_1_75' title='bbox 260 1409 370 1496; x_wconf 81' lang='lat' dir='ltr'><strong>tueris,</strong></span> <span class='ocrx_word' id='word_1_76' title='bbox 390 1431 421 1477; x_wconf 88' lang='lat' dir='ltr'><strong>v.</strong></span> <span class='ocrx_word' id='word_1_77' title='bbox 438 1417 478 1477; x_wconf 88' lang='grc'>57</span> <span class='ocrx_word' id='word_1_78' title='bbox 496 1431 570 1478; x_wconf 90' lang='lat' dir='ltr'><strong>eum</strong></span> <span class='ocrx_word' id='word_1_79' title='bbox 585 1431 622 1480; x_wconf 87' lang='lat' dir='ltr'><strong>se</strong></span> <span class='ocrx_word' id='word_1_80' title='bbox 636 1433 700 1479; x_wconf 90' lang='lat' dir='ltr'><strong>non</strong></span> <span class='ocrx_word' id='word_1_81' title='bbox 715 1413 834 1478; x_wconf 88' lang='lat' dir='ltr'><strong>morari</strong></span> <span class='ocrx_word' id='word_1_82' title='bbox 850 1414 905 1496; x_wconf 90' lang='lat' dir='ltr'><strong>qui</strong></span> <span class='ocrx_word' id='word_1_83' title='bbox 920 1414 963 1478; x_wconf 87' lang='lat' dir='ltr'><strong>ad</strong></span> <span class='ocrx_word' id='word_1_84' title='bbox 983 1413 1169 1480; x_wconf 84' lang='lat' dir='ltr'><strong>vadimonia</strong></span> <span class='ocrx_word' id='word_1_85' title='bbox 1185 1421 1292 1478; x_wconf 84' lang='lat' dir='ltr'><strong>currat</strong></span> <span class='ocrx_word' id='word_1_86' title='bbox 1307 1414 1376 1479; x_wconf 90' lang='lat' dir='ltr'><strong>siue</strong></span> 
     </span>
     <span class='ocr_line' id='line_1_11' title="bbox 262 1517 1376 1604; baseline 0.003 -23"><span class='ocrx_word' id='word_1_87' title='bbox 262 1517 348 1582; x_wconf 90' lang='lat' dir='ltr'><strong>iusta</strong></span> <span class='ocrx_word' id='word_1_88' title='bbox 363 1537 463 1585; x_wconf 88' lang='lat' dir='ltr'><strong>causa</strong></span> <span class='ocrx_word' id='word_1_89' title='bbox 477 1520 583 1586; x_wconf 90' lang='lat' dir='ltr'><strong>subito</strong></span> <span class='ocrx_word' id='word_1_90' title='bbox 600 1521 801 1588; x_wconf 76' lang='lat' dir='ltr'><strong>exclamabit</strong></span> <span class='ocrx_word' id='word_1_91' title='bbox 847 1522 997 1586; x_wconf 91' lang='lat' dir='ltr'><strong>nimirum</strong></span> <span class='ocrx_word' id='word_1_92' title='bbox 1012 1521 1097 1604; x_wconf 79' lang='lat' dir='ltr'><strong>signi</strong></span> <span class='ocrx_word' id='word_1_93' title='bbox 1113 1519 1248 1604; x_wconf 81' lang='lat' dir='ltr'><strong>tihrlum,</strong></span> <span class='ocrx_word' id='word_1_94' title='bbox 1263 1521 1296 1584; x_wconf 93' lang='lat' dir='ltr'><strong>iu</strong></span> <span class='ocrx_word' id='word_1_95' title='bbox 1313 1541 1376 1602; x_wconf 89' lang='lat' dir='ltr'><strong>quo</strong></span> 
     </span>
     <span class='ocr_line' id='line_1_12' title="bbox 259 1623 1377 1711; baseline 0.002 -23"><span class='ocrx_word' id='word_1_96' title='bbox 259 1623 366 1708; x_wconf 90' lang='lat' dir='ltr'><strong>ipsum</strong></span> <span class='ocrx_word' id='word_1_97' title='bbox 376 1625 585 1692; x_wconf 84' lang='lat' dir='ltr'><strong>Vertumnum</strong></span> <span class='ocrx_word' id='word_1_98' title='bbox 600 1636 786 1693; x_wconf 89' lang='lat' dir='ltr'><strong>narrantem</strong></span> <span class='ocrx_word' id='word_1_99' title='bbox 801 1628 923 1694; x_wconf 77' lang='lat' dir='ltr'><strong>inducit</strong></span> <span class='ocrx_word' id='word_1_100' title='bbox 938 1633 1057 1711; x_wconf 78' lang='lat' dir='ltr'><strong>auctor,</strong></span> <span class='ocrx_word' id='word_1_101' title='bbox 1073 1633 1186 1711; x_wconf 87' lang='lat' dir='ltr'><strong>aperte</strong></span> <span class='ocrx_word' id='word_1_102' title='bbox 1202 1626 1301 1691; x_wconf 83' lang='lat' dir='ltr'><strong>refert</strong></span> <span class='ocrx_word' id='word_1_103' title='bbox 1317 1625 1377 1690; x_wconf 88' lang='lat' dir='ltr'><strong>hoo</strong></span> 
     </span>
     <span class='ocr_line' id='line_1_13' title="bbox 260 1731 1376 1820; baseline -0.002 -24"><span class='ocrx_word' id='word_1_104' title='bbox 260 1751 399 1798; x_wconf 84' lang='lat' dir='ltr'><strong>carmen</strong></span> <span class='ocrx_word' id='word_1_105' title='bbox 445 1734 495 1798; x_wconf 90' lang='lat' dir='ltr'><strong>oui</strong></span> <span class='ocrx_word' id='word_1_106' title='bbox 511 1735 559 1800; x_wconf 94' lang='lat' dir='ltr'><strong>rei</strong></span> <span class='ocrx_word' id='word_1_107' title='bbox 575 1735 695 1820; x_wconf 88' lang='lat' dir='ltr'><strong>optime</strong></span> <span class='ocrx_word' id='word_1_108' title='bbox 716 1737 865 1802; x_wconf 87' lang='lat' dir='ltr'><strong>convenit</strong></span> <span class='ocrx_word' id='word_1_109' title='bbox 880 1734 1010 1801; x_wconf 87' lang='lat' dir='ltr'><strong>artificis</strong></span> <span class='ocrx_word' id='word_1_110' title='bbox 1026 1735 1059 1798; x_wconf 93' lang='lat' dir='ltr'><strong>iu</strong></span> <span class='ocrx_word' id='word_1_111' title='bbox 1082 1731 1144 1798; x_wconf 88' lang='lat' dir='ltr'><strong>fine</strong></span> <span class='ocrx_word' id='word_1_112' title='bbox 1168 1733 1237 1796; x_wconf 90' lang='lat' dir='ltr'><strong>eius</strong></span> <span class='ocrx_word' id='word_1_113' title='bbox 1260 1751 1376 1796; x_wconf 90' lang='lat' dir='ltr'><strong>nomen</strong></span> 
     </span>
     <span class='ocr_line' id='line_1_14' title="bbox 260 1838 1376 1927; baseline -0.002 -24"><span class='ocrx_word' id='word_1_114' title='bbox 260 1843 293 1903; x_wconf 91' lang='lat' dir='ltr'><strong>et</strong></span> <span class='ocrx_word' id='word_1_115' title='bbox 307 1838 388 1905; x_wconf 87' lang='lat' dir='ltr'><strong>laus.</strong></span> <span class='ocrx_word' id='word_1_116' title='bbox 433 1846 531 1923; x_wconf 87' lang='lat' dir='ltr'><strong>atque</strong></span> <span class='ocrx_word' id='word_1_117' title='bbox 553 1840 614 1906; x_wconf 88' lang='lat' dir='ltr'><strong>hac</strong></span> <span class='ocrx_word' id='word_1_118' title='bbox 643 1848 764 1906; x_wconf 85' lang='lat' dir='ltr'><strong>tautmn</strong></span> <span class='ocrx_word' id='word_1_119' title='bbox 789 1843 913 1910; x_wconf 87' lang='lat' dir='ltr'><strong>ratione</strong></span> <span class='ocrx_word' id='word_1_120' title='bbox 934 1840 1072 1927; x_wconf 89' lang='lat' dir='ltr'><strong>probata</strong></span> <span class='ocrx_word' id='word_1_121' title='bbox 1087 1838 1376 1923; x_wconf 83' lang='lat' dir='ltr'><strong>explicanturpro-</strong></span> 
     </span>
     <span class='ocr_line' id='line_1_15' title="bbox 260 1943 1376 2035; baseline 0.002 -27"><span class='ocrx_word' id='word_1_122' title='bbox 260 1945 392 2010; x_wconf 87' lang='lat' dir='ltr'><strong>nomina</strong></span> <span class='ocrx_word' id='word_1_123' title='bbox 407 1952 483 2011; x_wconf 80' lang='lat' dir='ltr'><strong>haec</strong></span> <span class='ocrx_word' id='word_1_124' title='bbox 497 1955 538 2026; x_wconf 77' lang='lat' dir='ltr'><strong>(r.</strong></span> <span class='ocrx_word' id='word_1_125' title='bbox 557 1953 590 2027; x_wconf 87' lang='grc'>5)</span> <span class='ocrx_word' id='word_1_126' title='bbox 606 1953 664 2012; x_wconf 78' lang='lat' dir='ltr'><strong>hac</strong></span> <span class='ocrx_word' id='word_1_127' title='bbox 689 1959 729 2023; x_wconf 87' lang='lat' dir='ltr'><strong>(v.</strong></span> <span class='ocrx_word' id='word_1_128' title='bbox 748 1950 781 2035; x_wconf 85' lang='lat'><strong>7)</strong></span> <span class='ocrx_word' id='word_1_129' title='bbox 798 1960 907 2014; x_wconf 76' lang='lat' dir='ltr'><strong>tommo</strong></span> <span class='ocrx_word' id='word_1_130' title='bbox 931 1953 973 2028; x_wconf 87' lang='lat' dir='ltr'><strong>(v.</strong></span> <span class='ocrx_word' id='word_1_131' title='bbox 989 1951 1022 2027; x_wconf 87' lang='grc'><strong>9)</strong></span> <span class='ocrx_word' id='word_1_132' title='bbox 1046 1966 1130 2028; x_wconf 88' lang='lat' dir='ltr'><strong>quae</strong></span> <span class='ocrx_word' id='word_1_133' title='bbox 1152 1951 1246 2027; x_wconf 82' lang='lat' dir='ltr'><strong>gestu</strong></span> <span class='ocrx_word' id='word_1_134' title='bbox 1268 1943 1376 2027; x_wconf 86' lang='lat' dir='ltr'><strong>aliquo</strong></span> 
     </span>
     <span class='ocr_line' id='line_1_16' title="bbox 260 2050 1377 2138; baseline 0.002 -25"><span class='ocrx_word' id='word_1_135' title='bbox 260 2051 440 2118; x_wconf 81' lang='lat' dir='ltr'><strong>illustrasse</strong></span> <span class='ocrx_word' id='word_1_136' title='bbox 456 2051 536 2118; x_wconf 90' lang='lat' dir='ltr'><strong>deus</strong></span> <span class='ocrx_word' id='word_1_137' title='bbox 553 2052 733 2120; x_wconf 86' lang='lat' dir='ltr'><strong>censendus</strong></span> <span class='ocrx_word' id='word_1_138' title='bbox 749 2063 807 2138; x_wconf 85' lang='lat' dir='ltr'><strong>est,</strong></span> <span class='ocrx_word' id='word_1_139' title='bbox 823 2053 1020 2138; x_wconf 85' lang='lat' dir='ltr'><strong>quasieloco</strong></span> <span class='ocrx_word' id='word_1_140' title='bbox 1030 2051 1115 2117; x_wconf 90' lang='lat' dir='ltr'><strong>edito</strong></span> <span class='ocrx_word' id='word_1_141' title='bbox 1132 2050 1260 2136; x_wconf 84' lang='lat' dir='ltr'><strong>publice</strong></span> <span class='ocrx_word' id='word_1_142' title='bbox 1276 2051 1377 2116; x_wconf 85' lang='lat' dir='ltr'><strong>verba</strong></span> 
     </span>
     <span class='ocr_line' id='line_1_17' title="bbox 261 2156 1375 2251; baseline 0.001 -32"><span class='ocrx_word' id='word_1_143' title='bbox 261 2156 390 2223; x_wconf 84' lang='lat' dir='ltr'><strong>taceret</strong></span> <span class='ocrx_word' id='word_1_144' title='bbox 436 2157 686 2243; x_wconf 85' lang='lat' dir='ltr'><strong>ergo&#39;lastorum</strong></span> <span class='ocrx_word' id='word_1_145' title='bbox 704 2160 935 2226; x_wconf 76' lang='lat' dir='ltr'><strong>Ouidianorum</strong></span> <span class='ocrx_word' id='word_1_146' title='bbox 958 2161 993 2251; x_wconf 85' lang='lat' dir='ltr'><strong>(I,</strong></span> <span class='ocrx_word' id='word_1_147' title='bbox 1010 2163 1050 2224; x_wconf 89' lang='grc'><strong>63</strong></span> <span class='ocrx_word' id='word_1_148' title='bbox 1068 2165 1148 2239; x_wconf 74' lang='lat' dir='ltr'><strong>sqq.)</strong></span> <span class='ocrx_word' id='word_1_149' title='bbox 1164 2157 1375 2234; x_wconf 88' lang='lat' dir='ltr'><strong>imitationem</strong></span> 
     </span>
     <span class='ocr_line' id='line_1_18' title="bbox 235 2249 1374 2349; baseline 0 -22"><span class='ocrx_word' id='word_1_150' title='bbox 235 2291 239 2298; x_wconf 60' lang='lat'>¹</span> <span class='ocrx_word' id='word_1_151' title='bbox 260 2263 378 2330; x_wconf 87' lang='lat' dir='ltr'><strong>iniuria</strong></span> <span class='ocrx_word' id='word_1_152' title='bbox 392 2266 574 2349; x_wconf 88' lang='lat' dir='ltr'><strong>suspicatus</strong></span> <span class='ocrx_word' id='word_1_153' title='bbox 583 2274 632 2332; x_wconf 90' lang='lat' dir='ltr'><strong>est</strong></span> <span class='ocrx_word' id='word_1_154' title='bbox 641 2267 883 2334; x_wconf 88' lang='lat' dir='ltr'><strong>Heimreichius.</strong></span> <span class='ocrx_word' id='word_1_155' title='bbox 901 2303 942 2314; x_wconf 90' lang='lat'>-</span> <span class='ocrx_word' id='word_1_156' title='bbox 959 2265 1098 2346; x_wconf 89' lang='lat' dir='ltr'><strong>denique</strong></span> <span class='ocrx_word' id='word_1_157' title='bbox 1107 2271 1142 2329; x_wconf 92' lang='lat' dir='ltr'><strong>ut</strong></span> <span class='ocrx_word' id='word_1_158' title='bbox 1150 2249 1374 2347; x_wconf 79' lang='lat' dir='ltr'><strong>argumentum</strong></span> 
     </span>
     <span class='ocr_line' id='line_1_19' title="bbox 261 2369 1377 2459; baseline -0.003 -23"><span class='ocrx_word' id='word_1_159' title='bbox 261 2376 293 2436; x_wconf 89' lang='lat' dir='ltr'><strong>et</strong></span> <span class='ocrx_word' id='word_1_160' title='bbox 315 2371 480 2456; x_wconf 90' lang='lat' dir='ltr'><strong>inscriptio</strong></span> <span class='ocrx_word' id='word_1_161' title='bbox 504 2374 690 2459; x_wconf 86' lang='lat' dir='ltr'><strong>carminum,</strong></span> <span class='ocrx_word' id='word_1_162' title='bbox 720 2375 767 2438; x_wconf 89' lang='lat' dir='ltr'><strong>ita</strong></span> <span class='ocrx_word' id='word_1_163' title='bbox 798 2374 896 2438; x_wconf 90' lang='lat' dir='ltr'><strong>etiam</strong></span> <span class='ocrx_word' id='word_1_164' title='bbox 920 2374 1002 2438; x_wconf 90' lang='lat' dir='ltr'><strong>ratio</strong></span> <span class='ocrx_word' id='word_1_165' title='bbox 1031 2391 1095 2454; x_wconf 89' lang='lat' dir='ltr'><strong>qua</strong></span> <span class='ocrx_word' id='word_1_166' title='bbox 1117 2369 1198 2435; x_wconf 88' lang='lat' dir='ltr'><strong>sslud</strong></span> <span class='ocrx_word' id='word_1_167' title='bbox 1227 2371 1377 2434; x_wconf 86' lang='lat' dir='ltr'><strong>tractavit</strong></span> 
     </span>
     <span class='ocr_line' id='line_1_20' title="bbox 261 2477 1374 2566; baseline 0 -25"><span class='ocrx_word' id='word_1_168' title='bbox 261 2483 358 2562; x_wconf 92' lang='lat' dir='ltr'><strong>poeta</strong></span> <span class='ocrx_word' id='word_1_169' title='bbox 380 2477 478 2563; x_wconf 89' lang='lat' dir='ltr'><strong>plane</strong></span> <span class='ocrx_word' id='word_1_170' title='bbox 501 2479 595 2546; x_wconf 90' lang='lat' dir='ltr'><strong>decet</strong></span> <span class='ocrx_word' id='word_1_171' title='bbox 615 2481 825 2566; x_wconf 82' lang='lat' dir='ltr'><strong>periegetam.</strong></span> <span class='ocrx_word' id='word_1_172' title='bbox 871 2480 1018 2546; x_wconf 89' lang='lat' dir='ltr'><strong>solebant</strong></span> <span class='ocrx_word' id='word_1_173' title='bbox 1043 2478 1127 2543; x_wconf 91' lang='lat' dir='ltr'><strong>enim</strong></span> <span class='ocrx_word' id='word_1_174' title='bbox 1151 2477 1205 2558; x_wconf 92' lang='lat' dir='ltr'><strong>qui</strong></span> <span class='ocrx_word' id='word_1_175' title='bbox 1228 2477 1374 2562; x_wconf 82' lang='lat' dir='ltr'><strong>periege-</strong></span> 
     </span>
     <span class='ocr_line' id='line_1_21' title="bbox 260 2583 1375 2670; baseline -0.002 -22"><span class='ocrx_word' id='word_1_176' title='bbox 260 2591 364 2649; x_wconf 86' lang='lat' dir='ltr'><strong>tarum</strong></span> <span class='ocrx_word' id='word_1_177' title='bbox 382 2584 415 2648; x_wconf 93' lang='lat' dir='ltr'><strong>in</strong></span> <span class='ocrx_word' id='word_1_178' title='bbox 431 2586 564 2654; x_wconf 85' lang='lat' dir='ltr'><strong>urbibus</strong></span> <span class='ocrx_word' id='word_1_179' title='bbox 588 2586 729 2669; x_wconf 90' lang='lat' dir='ltr'><strong>antiquis</strong></span> <span class='ocrx_word' id='word_1_180' title='bbox 752 2605 867 2652; x_wconf 87' lang='lat' dir='ltr'><strong>munus</strong></span> <span class='ocrx_word' id='word_1_181' title='bbox 890 2585 1117 2670; x_wconf 84' lang='lat' dir='ltr'><strong>suscipiebant,</strong></span> <span class='ocrx_word' id='word_1_182' title='bbox 1137 2590 1172 2647; x_wconf 93' lang='lat' dir='ltr'><strong>ut</strong></span> <span class='ocrx_word' id='word_1_183' title='bbox 1193 2604 1257 2647; x_wconf 90' lang='lat' dir='ltr'><strong>non</strong></span> <span class='ocrx_word' id='word_1_184' title='bbox 1280 2583 1375 2668; x_wconf 86' lang='lat' dir='ltr'><strong>modo</strong></span> 
     </span>
     <span class='ocr_line' id='line_1_22' title="bbox 260 2689 1375 2779; baseline -0.003 -22"><span class='ocrx_word' id='word_1_185' title='bbox 260 2709 319 2776; x_wconf 90' lang='lat' dir='ltr'><strong>per</strong></span> <span class='ocrx_word' id='word_1_186' title='bbox 342 2711 377 2756; x_wconf 90' lang='lat' dir='ltr'><strong>se</strong></span> <span class='ocrx_word' id='word_1_187' title='bbox 400 2689 554 2758; x_wconf 79' lang='lat' dir='ltr'><strong>credibile</strong></span> <span class='ocrx_word' id='word_1_188' title='bbox 577 2698 635 2779; x_wconf 89' lang='lat' dir='ltr'><strong>est,</strong></span> <span class='ocrx_word' id='word_1_189' title='bbox 665 2691 724 2759; x_wconf 90' lang='lat' dir='ltr'><strong>sed</strong></span> <span class='ocrx_word' id='word_1_190' title='bbox 744 2689 935 2758; x_wconf 84' lang='lat' dir='ltr'><strong>testimoniis</strong></span> <span class='ocrx_word' id='word_1_191' title='bbox 960 2691 1057 2756; x_wconf 89' lang='lat' dir='ltr'><strong>etiam</strong></span> <span class='ocrx_word' id='word_1_192' title='bbox 1082 2691 1169 2755; x_wconf 85' lang='lat' dir='ltr'><strong>velut</strong></span> <span class='ocrx_word' id='word_1_193' title='bbox 1193 2690 1375 2756; x_wconf 85' lang='lat' dir='ltr'><strong>Pausaniae</strong></span> 
     </span>
     <span class='ocr_line' id='line_1_23' title="bbox 200 2797 1376 2884; baseline 0.001 -26"><span class='ocrx_word' id='word_1_194' title='bbox 200 2843 209 2874; x_wconf 21' lang='grc' dir='ltr'><strong>,Α</strong></span> <span class='ocrx_word' id='word_1_195' title='bbox 261 2804 394 2882; x_wconf 87' lang='lat' dir='ltr'><strong>constat,</strong></span> <span class='ocrx_word' id='word_1_196' title='bbox 417 2799 482 2864; x_wconf 90' lang='lat' dir='ltr'><strong>alia</strong></span> <span class='ocrx_word' id='word_1_197' title='bbox 499 2819 581 2882; x_wconf 90' lang='lat' dir='ltr'><strong>quae</strong></span> <span class='ocrx_word' id='word_1_198' title='bbox 597 2819 660 2865; x_wconf 92' lang='lat' dir='ltr'><strong>nou</strong></span> <span class='ocrx_word' id='word_1_199' title='bbox 677 2819 807 2884; x_wconf 88' lang='lat' dir='ltr'><strong>prorsus</strong></span> <span class='ocrx_word' id='word_1_200' title='bbox 824 2799 968 2865; x_wconf 87' lang='lat' dir='ltr'><strong>ementiti</strong></span> <span class='ocrx_word' id='word_1_201' title='bbox 985 2797 1077 2863; x_wconf 79' lang='lat' dir='ltr'><strong>erant</strong></span> <span class='ocrx_word' id='word_1_202' title='bbox 1092 2798 1137 2863; x_wconf 88' lang='lat' dir='ltr'><strong>ita</strong></span> <span class='ocrx_word' id='word_1_203' title='bbox 1153 2809 1320 2878; x_wconf 80' lang='lat' dir='ltr'><strong>exornare,</strong></span> <span class='ocrx_word' id='word_1_204' title='bbox 1341 2801 1376 2859; x_wconf 92' lang='lat' dir='ltr'><strong>ut</strong></span> 
     </span>
     <span class='ocr_line' id='line_1_24' title="bbox 203 2891 1406 2998; baseline -0.001 -32"><span class='ocrx_word' id='word_1_205' title='bbox 203 2891 213 2924; x_wconf 74' lang='lat'>³</span> <span class='ocrx_word' id='word_1_206' title='bbox 260 2903 426 2969; x_wconf 86' lang='lat' dir='ltr'><strong>lenociniis</strong></span> <span class='ocrx_word' id='word_1_207' title='bbox 458 2911 626 2990; x_wconf 85' lang='lat' dir='ltr'><strong>captarent</strong></span> <span class='ocrx_word' id='word_1_208' title='bbox 656 2905 854 2971; x_wconf 90' lang='lat' dir='ltr'><strong>audientium</strong></span> <span class='ocrx_word' id='word_1_209' title='bbox 885 2925 989 2988; x_wconf 87' lang='lat' dir='ltr'><strong>aures,</strong></span> <span class='ocrx_word' id='word_1_210' title='bbox 1023 2904 1088 2969; x_wconf 90' lang='lat' dir='ltr'><strong>alia</strong></span> <span class='ocrx_word' id='word_1_211' title='bbox 1115 2903 1214 2968; x_wconf 84' lang='lat' dir='ltr'><strong>etiam</strong></span> <span class='ocrx_word' id='word_1_212' title='bbox 1241 2921 1376 2986; x_wconf 86' lang='lat' dir='ltr'><strong>prorsus</strong></span> <span class='ocrx_word' id='word_1_213' title='bbox 1403 2992 1406 2998; x_wconf 25' lang='grc'>1</span> 
     </span>
     <span class='ocr_line' id='line_1_25' title="bbox 261 2997 1376 3097; baseline -0.003 -22"><span class='ocrx_word' id='word_1_214' title='bbox 261 3011 457 3076; x_wconf 89' lang='lat' dir='ltr'><strong>comminisci</strong></span> <span class='ocrx_word' id='word_1_215' title='bbox 474 3012 526 3078; x_wconf 89' lang='lat' dir='ltr'><strong>vel</strong></span> <span class='ocrx_word' id='word_1_216' title='bbox 541 3012 625 3076; x_wconf 89' lang='lat' dir='ltr'><strong>inter</strong></span> <span class='ocrx_word' id='word_1_217' title='bbox 641 3029 676 3078; x_wconf 92' lang='lat' dir='ltr'><strong>se</strong></span> <span class='ocrx_word' id='word_1_218' title='bbox 692 3012 890 3097; x_wconf 84' lang='lat' dir='ltr'><strong>pugnantia·</strong></span> <span class='ocrx_word' id='word_1_219' title='bbox 915 3031 996 3094; x_wconf 89' lang='lat' dir='ltr'><strong>quas</strong></span> <span class='ocrx_word' id='word_1_220' title='bbox 1011 3016 1120 3076; x_wconf 84' lang='lat' dir='ltr'><strong>tamen</strong></span> <span class='ocrx_word' id='word_1_221' title='bbox 1135 2997 1241 3074; x_wconf 89' lang='lat' dir='ltr'><strong>rerum</strong></span> <span class='ocrx_word' id='word_1_222' title='bbox 1258 3027 1376 3093; x_wconf 85' lang='lat' dir='ltr'><strong>repug-</strong></span> 
     </span>
    </p>
   </div>
   <div class='ocr_carea' id='block_1_3' title="bbox 260 3114 1452 3734">
    <p class='ocr_par' dir='ltr' id='par_1_3' title="bbox 260 3114 1375 3212">
     <span class='ocr_line' id='line_1_26' title="bbox 260 3114 1375 3212; baseline -0.004 -32"><span class='ocrx_word' id='word_1_223' title='bbox 260 3115 387 3183; x_wconf 90' lang='lat' dir='ltr'><strong>nantias</strong></span> <span class='ocrx_word' id='word_1_224' title='bbox 410 3137 515 3201; x_wconf 89' lang='lat' dir='ltr'><strong>neque</strong></span> <span class='ocrx_word' id='word_1_225' title='bbox 537 3118 600 3202; x_wconf 90' lang='lat' dir='ltr'><strong>ipsi</strong></span> <span class='ocrx_word' id='word_1_226' title='bbox 625 3119 806 3185; x_wconf 87' lang='lat' dir='ltr'><strong>sentiebant</strong></span> <span class='ocrx_word' id='word_1_227' title='bbox 828 3136 886 3184; x_wconf 88' lang='lat' dir='ltr'><strong>suo</strong></span> <span class='ocrx_word' id='word_1_228' title='bbox 917 3118 1063 3183; x_wconf 90' lang='lat' dir='ltr'><strong>acumine</strong></span> <span class='ocrx_word' id='word_1_229' title='bbox 1094 3115 1184 3212; x_wconf 51' lang='lat' dir='ltr'><strong>ducti¹</strong></span> <span class='ocrx_word' id='word_1_230' title='bbox 1207 3124 1323 3198; x_wconf 89' lang='lat' dir='ltr'><strong>neque,</strong></span> <span class='ocrx_word' id='word_1_231' title='bbox 1347 3114 1375 3179; x_wconf 84' lang='lat' dir='ltr'><strong>si</strong></span> 
     </span>
    </p>

    <p class='ocr_par' dir='ltr' id='par_1_4' title="bbox 260 3221 1376 3311">
     <span class='ocr_line' id='line_1_27' title="bbox 260 3221 1376 3311; baseline -0.004 -24"><span class='ocrx_word' id='word_1_232' title='bbox 260 3223 423 3290; x_wconf 88' lang='lat' dir='ltr'><strong>auditores</strong></span> <span class='ocrx_word' id='word_1_233' title='bbox 454 3225 595 3289; x_wconf 89' lang='lat' dir='ltr'><strong>animum</strong></span> <span class='ocrx_word' id='word_1_234' title='bbox 623 3224 845 3308; x_wconf 83' lang='lat' dir='ltr'><strong>advertebant,</strong></span> <span class='ocrx_word' id='word_1_235' title='bbox 877 3225 1053 3311; x_wconf 87' lang='lat' dir='ltr'><strong>explanare</strong></span> <span class='ocrx_word' id='word_1_236' title='bbox 1084 3228 1238 3306; x_wconf 85' lang='lat' dir='ltr'><strong>poterant.</strong></span> <span class='ocrx_word' id='word_1_237' title='bbox 1286 3221 1376 3303; x_wconf 88' lang='lat' dir='ltr'><strong>atqui</strong></span> 
     </span>
    </p>

    <p class='ocr_par' dir='ltr' id='par_1_5' title="bbox 260 3327 1376 3411">
     <span class='ocr_line' id='line_1_28' title="bbox 260 3327 1376 3411; baseline -0.005 -16"><span class='ocrx_word' id='word_1_238' title='bbox 260 3330 396 3396; x_wconf 87' lang='lat' dir='ltr'><strong>similem</strong></span> <span class='ocrx_word' id='word_1_239' title='bbox 421 3331 453 3393; x_wconf 91' lang='lat' dir='ltr'><strong>in</strong></span> <span class='ocrx_word' id='word_1_240' title='bbox 479 3329 609 3394; x_wconf 90' lang='lat' dir='ltr'><strong>modum</strong></span> <span class='ocrx_word' id='word_1_241' title='bbox 637 3351 712 3398; x_wconf 90' lang='lat' dir='ltr'><strong>suas</strong></span> <span class='ocrx_word' id='word_1_242' title='bbox 742 3331 943 3397; x_wconf 88' lang='lat' dir='ltr'><strong>narrationes</strong></span> <span class='ocrx_word' id='word_1_243' title='bbox 972 3330 1149 3396; x_wconf 88' lang='lat' dir='ltr'><strong>instituisse</strong></span> <span class='ocrx_word' id='word_1_244' title='bbox 1162 3327 1376 3411; x_wconf 61' lang='lat' dir='ltr'><strong>¹Propertium</strong></span> 
     </span>
    </p>

    <p class='ocr_par' dir='ltr' id='par_1_6' title="bbox 261 3428 1377 3524">
     <span class='ocr_line' id='line_1_29' title="bbox 261 3428 1377 3524; baseline -0.002 -24"><span class='ocrx_word' id='word_1_245' title='bbox 261 3435 386 3502; x_wconf 92' lang='lat' dir='ltr'><strong>duabus</strong></span> <span class='ocrx_word' id='word_1_246' title='bbox 402 3436 543 3502; x_wconf 84' lang='lat' dir='ltr'><strong>maxime</strong></span> <span class='ocrx_word' id='word_1_247' title='bbox 559 3437 655 3503; x_wconf 88' lang='lat' dir='ltr'><strong>rebus</strong></span> <span class='ocrx_word' id='word_1_248' title='bbox 678 3437 781 3504; x_wconf 70' lang='lat' dir='ltr'><strong>educi</strong></span> <span class='ocrx_word' id='word_1_249' title='bbox 794 3443 912 3524; x_wconf 90' lang='lat' dir='ltr'><strong>potest.</strong></span> <span class='ocrx_word' id='word_1_250' title='bbox 949 3458 1024 3502; x_wconf 90' lang='lat' dir='ltr'><strong>nam</strong></span> <span class='ocrx_word' id='word_1_251' title='bbox 1040 3437 1178 3521; x_wconf 90' lang='lat' dir='ltr'><strong>primum</strong></span> <span class='ocrx_word' id='word_1_252' title='bbox 1195 3428 1323 3515; x_wconf 90' lang='lat' dir='ltr'><strong>quidem</strong></span> <span class='ocrx_word' id='word_1_253' title='bbox 1333 3433 1377 3517; x_wconf 82' lang='lat' dir='ltr'><strong>&#39;V,</strong></span> 
     </span>
    </p>

    <p class='ocr_par' dir='ltr' id='par_1_7' title="bbox 263 3533 1452 3734">
     <span class='ocr_line' id='line_1_30' title="bbox 263 3533 1452 3623; baseline -0.003 -18"><span class='ocrx_word' id='word_1_254' title='bbox 263 3548 303 3607; x_wconf 86' lang='lat' dir='ltr'><strong>ta</strong></span> <span class='ocrx_word' id='word_1_255' title='bbox 319 3564 370 3608; x_wconf 87' lang='lat' dir='ltr'><strong>vv.</strong></span> <span class='ocrx_word' id='word_1_256' title='bbox 388 3546 428 3608; x_wconf 88' lang='lat'><strong>63</strong></span> <span class='ocrx_word' id='word_1_257' title='bbox 446 3562 501 3623; x_wconf 90' lang='lat' dir='ltr'><strong>sq:</strong></span> <span class='ocrx_word' id='word_1_258' title='bbox 1303 3553 1307 3560; x_wconf 85' lang='grc'><strong>’</strong></span> <span class='ocrx_word' id='word_1_259' title='bbox 1447 3533 1452 3546; x_wconf 85' lang='grc'><em>“</em></span> 
     </span>
     <span class='ocr_line' id='line_1_31' title="bbox 448 3655 1187 3734; baseline 0.001 -23"><span class='ocrx_word' id='word_1_260' title='bbox 448 3659 480 3711; x_wconf 85' lang='lat' dir='ltr'><strong>at</strong></span> <span class='ocrx_word' id='word_1_261' title='bbox 493 3655 602 3713; x_wconf 73' lang='lat' dir='ltr'><strong>uostris</strong></span> <span class='ocrx_word' id='word_1_262' title='bbox 616 3656 776 3729; x_wconf 83' lang='lat' dir='ltr'><strong>tumefacta</strong></span> <span class='ocrx_word' id='word_1_263' title='bbox 791 3656 944 3732; x_wconf 79' lang='lat' dir='ltr'><strong>superbiat</strong></span> <span class='ocrx_word' id='word_1_264' title='bbox 956 3655 1080 3716; x_wconf 41' lang='lat' dir='ltr'><strong>*Umbria</strong></span> <span class='ocrx_word' id='word_1_265' title='bbox 1098 3655 1187 3734; x_wconf 70' lang='lat' dir='ltr'><strong>libito,</strong></span> 
     </span>
    </p>
   </div>
   <div class='ocr_carea' id='block_1_4' title="bbox 261 3760 1375 3947">
    <p class='ocr_par' dir='ltr' id='par_1_8' title="bbox 261 3760 1375 3947">
     <span class='ocr_line' id='line_1_32' title="bbox 452 3760 1103 3844; baseline 0 -24"><span class='ocrx_word' id='word_1_266' title='bbox 452 3789 456 3796; x_wconf 54' lang='lat'><strong><em>¹</em></strong></span> <span class='ocrx_word' id='word_1_267' title='bbox 537 3760 654 3842; x_wconf 72' lang='lat' dir='ltr'><strong>Umbrio</strong></span> <span class='ocrx_word' id='word_1_268' title='bbox 669 3763 797 3822; x_wconf 79' lang='lat' dir='ltr'><strong>Romani</strong></span> <span class='ocrx_word' id='word_1_269' title='bbox 809 3765 914 3838; x_wconf 76' lang='lat' dir='ltr'><strong>patria</strong></span> <span class='ocrx_word' id='word_1_270' title='bbox 932 3763 1103 3844; x_wconf 76' lang='lat' dir='ltr'><strong>Callimachi</strong></span> 
     </span>
     <span class='ocr_line' id='line_1_33' title="bbox 261 3859 1375 3947; baseline -0.004 -19"><span class='ocrx_word' id='word_1_271' title='bbox 261 3859 493 3928; x_wconf 80' lang='lat' dir='ltr'><strong>Callimachum</strong></span> <span class='ocrx_word' id='word_1_272' title='bbox 519 3860 637 3924; x_wconf 74' lang='lat' dir='ltr'><strong>alalon</strong></span> <span class='ocrx_word' id='word_1_273' title='bbox 657 3870 821 3929; x_wconf 87' lang='lat' dir='ltr'><strong>auctorem</strong></span> <span class='ocrx_word' id='word_1_274' title='bbox 844 3864 1035 3947; x_wconf 85' lang='lat' dir='ltr'><strong>exemplum·</strong></span> <span class='ocrx_word' id='word_1_275' title='bbox 1043 3861 1133 3945; x_wconf 75' lang='lat' dir='ltr'><strong>qrrod</strong></span> <span class='ocrx_word' id='word_1_276' title='bbox 1143 3861 1323 3925; x_wconf 85' lang='lat' dir='ltr'><strong>imitaretur</strong></span> <span class='ocrx_word' id='word_1_277' title='bbox 1340 3879 1375 3924; x_wconf 91' lang='lat' dir='ltr'><strong>se</strong></span> 
     </span>
    </p>
   </div>
   <div class='ocr_carea' id='block_1_5' title="bbox 261 3957 1497 4062">
    <p class='ocr_par' dir='ltr' id='par_1_9' title="bbox 261 3957 1497 4062">
     <span class='ocr_line' id='line_1_34' title="bbox 261 3957 1497 4062; baseline -0.002 -30"><span class='ocrx_word' id='word_1_278' title='bbox 261 3960 470 4053; x_wconf 88' lang='lat' dir='ltr'><strong>proposuisse</strong></span> <span class='ocrx_word' id='word_1_279' title='bbox 498 3968 561 4033; x_wconf 90' lang='lat' dir='ltr'><strong>sibi</strong></span> <span class='ocrx_word' id='word_1_280' title='bbox 584 3968 744 4052; x_wconf 86' lang='lat' dir='ltr'><strong>significat</strong></span> <span class='ocrx_word' id='word_1_281' title='bbox 766 3968 834 4048; x_wconf 85' lang='lat' dir='ltr'><strong>(cir.</strong></span> <span class='ocrx_word' id='word_1_282' title='bbox 850 3957 1081 4049; x_wconf 83' lang='lat' dir='ltr'><strong>Hertzbergius</strong></span> <span class='ocrx_word' id='word_1_283' title='bbox 1105 3967 1120 4028; x_wconf 94' lang='grc' dir='ltr'>Ι</span> <span class='ocrx_word' id='word_1_284' title='bbox 1139 3989 1169 4051; x_wconf 89' lang='lat' dir='ltr'><strong>p.</strong></span> <span class='ocrx_word' id='word_1_285' title='bbox 1198 3964 1377 4062; x_wconf 56' lang='lat' dir='ltr'><strong>lbatchos</strong></span> <span class='ocrx_word' id='word_1_286' title='bbox 1493 3973 1497 3977; x_wconf 87' lang='grc'><strong>’</strong></span> 
     </span>
    </p>
   </div>
   <div class='ocr_carea' id='block_1_6' title="bbox 261 4063 1377 4371">
    <p class='ocr_par' dir='ltr' id='par_1_10' title="bbox 261 4063 1377 4371">
     <span class='ocr_line' id='line_1_35' title="bbox 262 4063 1376 4160; baseline -0.004 -21"><span class='ocrx_word' id='word_1_287' title='bbox 262 4069 347 4139; x_wconf 87' lang='lat' dir='ltr'><strong>enim</strong></span> <span class='ocrx_word' id='word_1_288' title='bbox 365 4093 478 4139; x_wconf 90' lang='lat' dir='ltr'><strong>versus</strong></span> <span class='ocrx_word' id='word_1_289' title='bbox 493 4075 521 4140; x_wconf 90' lang='lat' dir='ltr'><strong>si</strong></span> <span class='ocrx_word' id='word_1_290' title='bbox 539 4074 586 4140; x_wconf 90' lang='lat' dir='ltr'><strong>ita</strong></span> <span class='ocrx_word' id='word_1_291' title='bbox 601 4076 849 4160; x_wconf 86' lang='lat' dir='ltr'><strong>interpretamur</strong></span> <span class='ocrx_word' id='word_1_292' title='bbox 858 4072 1074 4138; x_wconf 88' lang='lat' dir='ltr'><strong>Heimreichio</strong></span> <span class='ocrx_word' id='word_1_293' title='bbox 1082 4069 1211 4136; x_wconf 86' lang='lat' dir='ltr'><strong>auctore</strong></span> <span class='ocrx_word' id='word_1_294' title='bbox 1227 4063 1259 4134; x_wconf 87' lang='lat' dir='ltr'><strong>in</strong></span> <span class='ocrx_word' id='word_1_295' title='bbox 1270 4073 1376 4156; x_wconf 87' lang='lat' dir='ltr'><strong>symb.</strong></span> 
     </span>
     <span class='ocr_line' id='line_1_36' title="bbox 261 4177 1375 4272; baseline -0.004 -29"><span class='ocrx_word' id='word_1_296' title='bbox 261 4180 312 4265; x_wconf 91' lang='lat' dir='ltr'><strong>ph.</strong></span> <span class='ocrx_word' id='word_1_297' title='bbox 331 4181 366 4272; x_wconf 84' lang='lat' dir='ltr'><strong>B</strong></span> <span class='ocrx_word' id='word_1_298' title='bbox 383 4185 504 4267; x_wconf 73' lang='lat' dir='ltr'><strong>pers,</strong></span> <span class='ocrx_word' id='word_1_299' title='bbox 535 4189 568 4246; x_wconf 91' lang='lat' dir='ltr'><strong>ut</strong></span> <span class='ocrx_word' id='word_1_300' title='bbox 589 4180 756 4246; x_wconf 83' lang='lat' dir='ltr'><strong>Umbriam</strong></span> <span class='ocrx_word' id='word_1_301' title='bbox 774 4199 872 4244; x_wconf 88' lang='lat' dir='ltr'><strong>suam</strong></span> <span class='ocrx_word' id='word_1_302' title='bbox 896 4178 1034 4264; x_wconf 90' lang='lat' dir='ltr'><strong>patriam</strong></span> <span class='ocrx_word' id='word_1_303' title='bbox 1058 4177 1259 4260; x_wconf 87' lang='lat' dir='ltr'><strong>eandemque</strong></span> <span class='ocrx_word' id='word_1_304' title='bbox 1281 4177 1375 4241; x_wconf 83' lang='lat' dir='ltr'><strong>Calli-</strong></span> 
     </span>
     <span class='ocr_line' id='line_1_37' title="bbox 261 4281 1377 4371; baseline -0.005 -20"><span class='ocrx_word' id='word_1_305' title='bbox 261 4283 365 4352; x_wconf 88' lang='lat' dir='ltr'><strong>machi</strong></span> <span class='ocrx_word' id='word_1_306' title='bbox 390 4287 525 4354; x_wconf 88' lang='lat' dir='ltr'><strong>Romaui</strong></span> <span class='ocrx_word' id='word_1_307' title='bbox 550 4281 802 4371; x_wconf 57' lang='lat' dir='ltr'><strong>i.&#39;e.&#39;Propertii</strong></span> <span class='ocrx_word' id='word_1_308' title='bbox 823 4285 910 4350; x_wconf 83' lang='lat' dir='ltr'><strong>dieat</strong></span> <span class='ocrx_word' id='word_1_309' title='bbox 929 4285 1073 4370; x_wconf 85' lang='lat' dir='ltr'><strong>scriptor,</strong></span> <span class='ocrx_word' id='word_1_310' title='bbox 1096 4307 1126 4351; x_wconf 93' lang='lat' dir='ltr'><strong>v.</strong></span> <span class='ocrx_word' id='word_1_311' title='bbox 1151 4285 1192 4349; x_wconf 74' lang='lat' dir='ltr'><strong>et</strong></span> <span class='ocrx_word' id='word_1_312' title='bbox 1217 4285 1270 4366; x_wconf 88' lang='lat' dir='ltr'><strong>qui</strong></span> <span class='ocrx_word' id='word_1_313' title='bbox 1293 4301 1377 4346; x_wconf 90' lang='lat' dir='ltr'><strong>nuuc</strong></span> 
     </span>
    </p>
   </div>
   <div class='ocr_carea' id='block_1_7' title="bbox 0 0 1601 5154">
    <p class='ocr_par' dir='ltr' id='par_1_11' title="bbox 0 0 1601 5154">
     <span class='ocr_line' id='line_1_38' title="bbox 0 0 1601 5154; baseline 0 0"><span class='ocrx_word' id='word_1_314' title='bbox 0 0 1601 5154; x_wconf 95' lang='lat' dir='ltr'><strong> </strong></span> 
     </span>
    </p>
   </div>
  </div>
 </body>
</html>
