3192 5154
532 1134 942 1248 Prooemium.

697 1353 802 1364 ΜΛΔΛΜΛ,

271 1449 354 1545 ilum
386 1477 484 1540 ceteri
501 1475 555 1558 qui
572 1474 710 1557 Augusti
733 1480 841 1539 aetate
865 1473 1039 1540 floruerunt
1061 1481 1178 1560 poetae
1194 1475 1301 1539 Latini

185 1585 301 1649 uostris
324 1582 522 1666 temporibus
543 1587 594 1647 sat
625 1581 741 1646 multos
774 1581 900 1663 criticos
932 1588 963 1647 et
994 1583 1187 1667 interpretes
1217 1583 1302 1646 nacti

186 1691 257 1775 siut,
277 1690 331 1772 qui
355 1690 389 1752 in
412 1689 578 1773 Propertio
596 1694 651 1752 aut
674 1687 871 1753 recensendo
895 1695 952 1753 aut
975 1688 1166 1771 explicando
1190 1709 1300 1752 curam

186 1795 365 1879 posuerint,
395 1796 490 1878 pauci
518 1801 641 1858 tautum
666 1795 827 1859 exstitisse
858 1794 1016 1860 videntur.
1069 1800 1211 1860 attamen
1239 1815 1303 1858 non

186 1903 288 1967 solum
306 1903 553 1966 commentarius
571 1903 625 1983 qui
642 1900 773 1983 quidem
790 1908 918 1967 nostrae
934 1902 1050 1967 aetatis
1066 1901 1253 1984 diligentiae
1271 1910 1303 1965 et

187 2008 351 2074 doctrinae
367 2007 564 2091 satisfaciat,
589 2028 701 2074 vermn
718 2009 816 2072 ctiam
832 2009 918 2073 iusta
934 2009 1078 2074 recensio
1103 2007 1196 2073 deest
1219 2027 1302 2090 quae

186 2116 272 2180 omni
288 2116 482 2200 optimorum
492 2113 636 2180 codicum
647 2115 805 2180 varietate
821 2121 970 2180 accurate
980 2135 1117 2180 excussa
1132 2115 1302 2200 pristinum

187 2230 303 2307 poetae
319 2221 524 2306 splendorem
538 2241 731 2306 recuperare
740 2226 855 2285 conata
863 2221 912 2286 sit.
944 2221 1060 2303 quibus
1070 2221 1166 2287 rebus
1183 2219 1303 2285 factum

187 2336 244 2412 est,
267 2335 302 2392 ut
325 2348 405 2412 prae
427 2329 541 2394 ceteris
565 2328 710 2410 quintum
735 2327 894 2412 Propertii
918 2328 1034 2391 librum
1043 2328 1075 2408 *J
1096 2349 1117 2392 a
1137 2327 1254 2392 criticis
1272 2335 1303 2391 et

187 2436 416 2519 interpretibus
432 2436 527 2500 nimis
549 2435 732 2517 neglectum
756 2433 985 2519 acceperimus.
1025 2441 1195 2518 postquam
1219 2434 1305 2497 enim

188 2539 412 2604 Lachmannus
428 2561 469 2606 ue
485 2539 672 2623 diligentius
689 2539 722 2602 in
745 2540 800 2604 illo
828 2539 1034 2624 persanando
1059 2547 1252 2622 versaretur,
1275 2544 1307 2603 et

189 2643 297 2728 patria
319 2664 340 2706 a
360 2642 462 2710 Gallis
485 2648 688 2730 periclitante
710 2647 883 2731 impeditus
907 2654 939 2712 et
962 2647 1106 2732 ipsorum
1130 2647 1304 2712 carminum

190 2770 272 2832 quae
296 2749 343 2812 illi
369 2749 440 2813 visa
464 2759 512 2814 est
535 2753 726 2835 indignitate
743 2753 915 2818 deterritus
940 2758 998 2836 est,
1021 2760 1199 2819 ceterorum
1223 2753 1306 2817 viro-

189 2876 270 2938 rum,
294 2855 321 2920 si
345 2855 399 2937 qui
416 2875 507 2919 suam
524 2856 692 2942 Propertio
716 2879 826 2922 curam
850 2865 1061 2942 navaverunt,
1091 2859 1252 2924 industria
1275 2864 1307 2922 et

191 2960 369 3044 diligentia,
385 2966 419 3024 ut
434 2959 504 3025 fieri
520 2960 587 3027 lere
604 2964 694 3046 solet,
718 2965 751 3028 iu
774 2964 837 3030 fine
853 2967 960 3050 operis
984 2966 1182 3048 aliquantum
1204 2964 1306 3028 immi-

189 3076 269 3130 nuta
285 3073 341 3131 est.
387 3066 445 3132 sed
467 3087 568 3150 nuper
586 3068 819 3136 Heimreichins
842 3073 875 3134 in
892 3073 996 3156 symb.
1012 3073 1121 3157 philol.
1137 3073 1236 3136 Bonn.
1252 3093 1306 3156 pp.

190 3178 254 3238 674
272 3193 341 3255 sqq.
364 3192 510 3237 necnon
537 3173 796 3257 Eschcnburgius
819 3177 852 3240 iu
876 3177 929 3241 lib.
953 3179 1086 3244 miscell.
1110 3201 1130 3243 a
1153 3179 1307 3244 socictate

190 3279 298 3364 philol.
315 3280 413 3343 Bono.
431 3278 517 3345 edito
534 3300 586 3364 pp.
604 3283 644 3343 83
662 3301 731 3362 sqq.
747 3281 780 3344 in
803 3281 863 3347 hoc
879 3283 960 3348 libro
985 3291 1017 3350 et
1038 3286 1139 3350 critici
1164 3292 1196 3351 et
1211 3286 1307 3348 inter-

190 3387 290 3471 pretis
306 3407 421 3452 munus
442 3393 572 3452 strenue
596 3393 814 3470 susceperuut.
860 3410 995 3471 quorum
1018 3397 1127 3457 tamen
1149 3392 1205 3457 ille
1227 3391 1308 3456 haec

190 3492 334 3556 carmina
350 3493 621 3578 aPropertiotota
636 3492 842 3576 abiudicavit,
858 3494 910 3558 hic
919 3502 1047 3582 tempus
1062 3504 1187 3563 tantum
1197 3518 1307 3563 eorum

191 3598 377 3682 diligentius
407 3598 564 3683 indagare
593 3600 723 3665 studuit.
776 3599 825 3665 his
856 3607 963 3666 autem
992 3603 1098 3668 causis
1132 3613 1308 3669 commotus
1408 3592 1411 3597 ’

191 3727 271 3788 sum,
294 3713 329 3769 ut
352 3712 424 3789 post
440 3706 546 3770 studia
562 3707 726 3772 iu'ceteris
743 3708 832 3772 libris
849 3709 1025 3773 exercitata
1048 3729 1174 3774 omnem
1198 3730 1308 3774 curam

191 3818 411 3876 converterem
428 3813 460 3875 in
478 3813 623 3895 quintum
641 3813 799 3899 Propertii
817 3814 942 3878 librum.
989 3813 1030 3879 dc
1056 3835 1118 3896 quo
1135 3835 1219 3897 quae
1236 3838 1308 3900 pro-

191 3916 312 3980 babilia
337 3918 499 3983 invenisse
531 3907 609 3983 mihi
634 3918 747 3984 videor
778 3941 862 3985 nunc
893 3942 990 4004 quam
1015 3921 1206 3986 brevissime
1236 3942 1308 4004 pro-

191 4040 318 4102 ponam.
364 4044 403 4088 ac
432 4025 571 4108 primum
604 4025 734 4108 quidem
765 4026 965 4093 diversorum
989 4025 1178 4092 mendorum
1202 4047 1309 4092 emen-

264 4195 293 4263 *)
307 4195 375 4250 Utar
395 4198 424 4250 in
441 4197 493 4252 hac
506 4201 703 4256 dissertatione
717 4203 839 4258 numeris
859 4204 991 4259 editionis
1005 4203 1182 4272 Hauptiauae
1196 4204 1308 4257 tertium

193 4285 355 4354 recognitae
369 4302 393 4338 a.
411 4291 485 4340 1868.

1132 4373 1144 4432 1
