3224 5154
224 617 320 662 carm.
330 595 395 660 tob
413 593 541 677 quidem
559 611 597 658 eo
614 598 759 676 temporo
775 612 838 674 quo
854 598 963 656 cetere
979 591 1052 655 libri
1068 591 1172 674 quarti
1194 590 1338 656 carmina

224 704 378 787 scriptum
392 722 464 768 esse
481 700 647 787 perspexit
662 698 925 781 Esohenburgius
945 699 964 761 l.
985 699 1005 761 l.
1021 719 1073 783 pp.
1091 702 1131 762 93
1150 703 1182 762 et
1197 701 1248 762 96.
1280 696 1338 762 sed

225 809 363 876 eundem
385 810 468 873 hane
485 807 625 890 elegiam
648 827 712 870 000
727 807 827 869 multo
843 813 917 890 post
933 805 1091 888 Cynthiae
1106 804 1324 870 reconciliatio

224 939 298 983 nem
315 922 523 1000 compositam
540 933 612 979 esse
630 902 829 996 suspicatum
845 911 1042 994 redarguunt
1058 933 1110 978 vv.
1124 917 1160 976 15
1178 931 1224 992 sq.
1240 918 1272 976 et
1288 932 1340 976 vv.

225 1029 267 1088 24
285 1045 331 1107 sq.
377 1043 439 1106 quo
465 1022 550 1087 enim
574 1027 669 1106 pacto
693 1019 799 1084 amica
822 1020 1174 1085 reconciliatatantum
1197 1035 1340 1083 amorem

226 1138 259 1196 et
275 1137 378 1195 torum
393 1151 498 1195 nonum
514 1135 611 1214 poeta
627 1128 735 1194 dicere
751 1125 880 1212 potuit?
904 1147 967 1209 quo
990 1135 1084 1212 pacto
1109 1146 1171 1190 uno
1195 1125 1260 1188 iam
1276 1122 1339 1189 dis·

227 1237 309 1302 cidio
326 1236 418 1320 iacto,
441 1243 476 1300 ut
490 1242 591 1317 primo
607 1234 714 1300 omina
729 1233 826 1298 fidem
842 1233 1048 1316 continerent,
1070 1252 1188 1316 rogare
1212 1228 1340 1316 potuit?

157 1387 162 1400 ·
228 1363 305 1427 ergo
328 1343 388 1409 hoc
411 1363 542 1408 carmen
565 1362 626 1426 ego
651 1340 780 1422 quidem
796 1342 830 1405 in
852 1340 886 1405 id
909 1345 1036 1426 tempus
1061 1339 1259 1422 retraxerim‚
1287 1336 1341 1402 ubi

228 1450 366 1536 Cynthia
382 1451 487 1536 prima
508 1448 737 1515 consuetudine
759 1454 922 1513 contracta
944 1454 1060 1532 poetae
1078 1454 1208 1527 pomum
1230 1455 1342 1510 noctem

228 1557 294 1638 (eir.
311 1579 340 1624 v.
359 1563 421 1639 11.)
438 1557 604 1622 concessit.
634 1575 739 1638 neque
755 1575 832 1621 vero
848 1554 927 1620 illud
943 1554 1017 1619 ideo
1033 1554 1149 1618 librum
1165 1549 1342 1618 secundum

226 1665 356 1731 tertium
381 1671 529 1747 quartum
554 1662 667 1729 eodem
688 1670 833 1747 tempore
866 1662 1001 1727 emissos
1025 1679 1098 1728 esse
1122 1659 1342 1725 demonstrare

227 1778 349 1857 potest:
370 1772 474 1835 immo
486 1771 539 1835 vel
556 1775 631 1834 ante
646 1769 777 1836 secundi
794 1775 921 1854 tempus
938 1767 1114 1834 confectum
1133 1774 1189 1832 est.
1229 1765 1341 1832 eodem

103 1915 106 1924 .
229 1885 337 1942 sutem
353 1884 499 1961 tempore
516 1877 729 1961 conscriptum
746 1897 817 1942 esse
826 1875 954 1941 videtur
965 1895 1061 1940 carm.
1071 1880 1112 1939 20
1121 1895 1184 1957 quo
1199 1874 1232 1937 01
1249 1872 1343 1939 fallor

230 1983 401 2069 Cynthiam
424 2004 445 2047 0
461 1989 570 2049 vetere
595 1984 697 2048 amico
721 1984 754 2048 in
769 1983 911 2048 Africam
936 1982 1078 2068 protecto
1103 1981 1264 2048 desertam
1281 1979 1344 2046 sibi

229 2089 401 2157 c‘onoiliare
415 2089 725 2176 studetPropertius.
756 2111 830 2155 nam
846 2090 887 2154 de
897 2088 1037 2174 Cynthia
1050 2089 1151 2154 verba
1165 2086 1234 2151 fieri
1250 2086 1344 2152 docet

229 2207 464 2263 decrassetur.
480 2203 501 2264 8
526 2198 650 2264 collatis
672 2219 767 2263 cerm.
784 2199 841 2282 111,
868 2202 906 2262 13
924 2219 974 2263 vv.
992 2201 1063 2262 9-
1076 2200 1125 2260 12.
1163 2201 1260 2276 atque
1284 2193 1344 2258 hoe

230 2323 357 2367 carmen
380 2309 453 2386 post
477 2303 646 2368 discidium
664 2305 817 2388 scriptum
834 2305 889 2369 vix
913 2302 975 2369 dici
991 2308 1107 2388 potest,
1130 2300 1343 2385 quianullum

229 2407 322 2474 adest
337 2407 549 2490 redintegrati
569 2408 687 2472 amoris
712 2409 847 2496 signum.
893 2409 957 2472 tria
976 2410 1075 2491 igitur
1097 2409 1179 2474 haec
1202 2406 1344 2472 carmine

231 2522 342 2579 contra
358 2513 513 2597 temporis
538 2513 682 2578 ordinem
707 2513 740 2576 in
756 2513 837 2578 libro
854 2521 967 2594 quarto
984 2515 1140 2580 collocata
1155 2533 1227 2582 esse
1243 2512 1344 2578 mani-

230 2619 346 2687 festum
363 2627 421 2704 est,
438 2621 514 2703 quia
522 2627 620 2706 poeta
628 2620 751 2705 primas
760 2619 884 2702 elegias
894 2618 1051 2704 Cynthiae
1066 2622 1248 2706 inscriptas,
1265 2639 1345 2702 quas

230 2727 307 2791 clim
323 2727 441 2792 librutn
466 2729 606 2810 primum
632 2727 776 2792 editurus
797 2726 982 2810 retinuerat,
1005 2748 1089 2793 nunc
1112 2727 1345 2792 011011001οο0-

230 2836 305 2898 nino
336 2835 443 2899 amica
473 2834 595 2899 ultimis
627 2834 669 2898 ad
700 2835 790 2898 illam
822 2832 931 2897 missis
963 2835 1148 2918 (00100111,
1172 2838 1213 2898 24
1239 2837 1345 2906 0125)

230 2948 391 3024 opponere
407 2942 516 3026 voluit,
541 2941 637 3005 simul
657 2941 768 3004 omnia
791 2957 1002 3021 quaecunque
1025 2938 1066 3004 de
1090 2939 1148 3003 illa
1171 2940 1347 3023 scripserat

230 3047 527 3130 comprehensurus.
579 3066 621 3110 an
650 3053 685 3110 ut
699 3048 870 3135 'temporis
899 3043 1045 3110 ordinem
1074 3065 1138 3109 non
1160 3047 1346 3128 neglexisse

231 3173 304 3220 eum
321 3153 447 3237 probes,
471 3159 622 3234 quattuor
641 3152 741 3218 libros
762 3172 874 3218 omnes
890 3172 954 3216 una
970 3150 1075 3218 editos
1092 3171 1164 3240 esse
1181 3151 1346 3218 conicies‘l

230 3258 265 3325 id
288 3259 374 3342 quod
405 3258 538 3324 refutari
562 3258 756 3326 firmissimis
784 3259 985 3342 argumentis
1010 3257 1161 3325 vidimus.
1206 3277 1346 3338 namque

231 3367 401 3448 quominus
418 3367 459 3430 ab
476 3367 591 3431 amicis
615 3367 733 3431 librum
758 3373 906 3448 quartum
931 3373 1003 3450 post
1026 3364 1187 3450 Propertii
1210 3371 1346 3429 mortem

232 3471 353 3536 editum
370 3480 402 3538 01
419 3474 460 3537 ab
477 3474 526 3538 eis
551 3474 659 3538 omnia
675 3493 759 3555 quae
784 3475 817 3538 in
833 3474 961 3539 scriniis
985 3474 1056 3538 eius
1080 3471 1263 3537 invenerint
1278 3489 1346 3534 car-

231 3579 320 3643 mine
336 3579 489 3661 evulgata
505 3599 576 3646 esse
593 3588 700 3664 spreto
717 3581 870 3664 temporis
887 3579 998 3645 ordine
1014 3586 1202 3661 statuamus,
1217 3583 1347 3662 praeter

232 3686 314 3750 alias
331 3704 446 3750 causas
462 3687 515 3751 vel
531 3687 683 3769 prologus
707 3687 845 3772 impedit
860 3707 923 3769 quo
940 3686 1014 3752 huic
1029 3687 1111 3751 libro
1128 3684 1348 3770 prooemiatur

230 3797 336 3876 poeta.
382 3812 460 3876 ergo
483 3792 600 3857 librum
625 3801 774 3875 quartum
799 3815 861 3859 non
876 3794 976 3858 multo
1000 3801 1073 3878 post
1088 3813 1116 3857 0.
1134 3796 1196 3858 132
1215 3796 1281 3871 (22)
1298 3811 1346 3857 00-

230 3900 370 3983 paratim
395 3900 549 3966 emissum
573 3919 645 3966 esse
669 3905 823 3966 tenemus.
870 3902 981 3983 itaque
1015 3907 1049 3964 ut
1077 3919 1160 3982 quae
1183 3897 1347 3966 invenisse

231 4007 324 4073 nobis
340 4005 511 4072 videamur
527 4008 670 4074 breviter
686 4007 1011 4092 comprehendamus:
1033 4007 1220 4091 Propertius

278 4131 306 4175 a
324 4117 387 4177 708
405 4118 473 4194 (16)
490 4113 557 4178 fere
574 4120 667 4179 natus
685 4119 749 4196 est;

279 4237 307 4280 a.
326 4221 389 4281 724
407 4223 474 4299 (311)
491 4227 568 4304 toga
580 4221 668 4286 virili
678 4228 806 4305 sumpta
815 4241 885 4285 oum
893 4221 1051 4306 Lycinna,
1061 4228 1174 4306 postea
1182 4243 1252 4286 cum
1263 4222 1347 4306 Cyn-

490 4325 559 4390 thia
575 4328 712 4410 primam
729 4328 850 4394 amoris
864 4327 1129 4394 consuetudinem
1145 4329 1320 4412 contraxit3

1138 4423 1157 4483 6
1167 4419 1186 4458 ³1⁸
