3224 5154
821 399 864 460 st

468 577 578 638 adstitit
592 577 717 652 Augusti
725 577 849 653 pruppira
863 593 953 653 supa
969 581 996 636 et
1009 593 1088 636 aava
1102 579 1226 652 flamma

543 685 619 743 iuuit
632 686 663 743 iu
679 684 826 759 obliquam
842 690 887 743 ter
901 686 1020 744 sinuata
1032 684 1133 758 susem

287 822 327 889 de
343 822 504 908 Apolline,
521 827 554 886 at
570 821 733 903 Vergilius
750 821 828 886 Aen.
845 819 931 905 VIII,
949 825 1012 886 680
1028 841 1092 904 sq.:
1263 877 1265 880 .

412 977 495 1032 stans
510 973 589 1030 cetra
604 971 635 1029 ia
644 971 757 1046 puppi3
777 971 910 1052 prusinas
925 971 973 1029 eui
987 975 1119 1045 tempora
1133 973 1270 1045 flammas

408 1073 487 1137 laeta
504 1083 620 1138 romunt
628 1078 818 1152 patriamque
834 1078 967 1156 aperitur
980 1078 1089 1136 verace
1103 1077 1183 1136 sidus

286 1215 327 1282 de
344 1216 490 1297 Auguste
501 1214 567 1294 (afr.
577 1235 606 1280 v.
618 1218 694 1293 678)
711 1214 867 1298 loquitur3
889 1212 1005 1280 deinde
1021 1213 1076 1279 ille
1091 1213 1238 1280 flammas
1255 1235 1314 1299 per
1329 1235 1401 1299 per·

286 1329 408 1387 tentum
416 1321 505 1388 visas
513 1321 546 1386 in
555 1321 715 1406 Apollinis
724 1320 837 1406 eapite,
854 1320 1049 1387 hieeassidis
1059 1321 1184 1404 insigne
1195 1321 1402 1408 utAgrippae

286 1450 337 1494 vv.
355 1431 418 1494 682
436 1448 521 1511 sqq.:

411 1582 503 1651 purte
519 1577 580 1634 alia
596 1577 687 1636 aeatr's
703 1579 731 1634 et
746 1575 790 1634 dis
805 1576 941 1652 Apappa
957 1575 1092 1634 secandis

419 1683 531 1743 arduas
547 1699 653 1757 apaan
669 1698 778 1756 uuas:
795 1685 842 1740 cai
857 1682 944 1752 (belli
957 1683 1069 1755 tusique
1083 1682 1250 1757 superbam)

418 1795 551 1864 tempora
565 1789 667 1847 aaualr'
678 1790 796 1863 fulgeat
809 1793 940 1848 rostrata
957 1803 1077 1866 carana,
1151 1865 1166 1878 ο

285 1929 331 1992 ita
349 1927 445 1993 etiam
462 1926 600 2010 Augusti
617 1933 854 1992 commemorat.
885 1926 1024 2009 denique
1041 1933 1072 1992 et
1088 1927 1275 2012 Propertius
1292 1950 1343 1994 vv.
1361 1934 1401 1994 49

285 2055 353 2116 sqq.
371 2040 403 2100 et
419 2033 583 2118 Vergilius
599 2033 679 2099 Aen.
695 2033 736 2118 X,
755 2038 816 2098 195
834 2031 1011 2099 Centauros
1028 2053 1106 2098 saxa
1121 2034 1288 2120 minantes,
1306 2036 1401 2118 quale

286 2148 337 2206 sat
354 2141 471 2207 multas
486 2161 586 2207 naves
602 2140 730 2223 insigne
746 2139 898 2204 habuisse
912 2137 1046 2204 eredere
1062 2139 1146 2223 lieet,
1163 2159 1180 2205 e
1196 2161 1303 2208 rerum
1319 2143 1401 2208 veri-

285 2254 352 2312 tate
369 2247 546 2332 sumpsisse
562 2245 721 2313 videntur.
768 2245 825 2311 sed
848 2245 875 2312 si
894 2245 1023 2328 quidem
1038 2267 1154 2313 revera
1167 2254 1278 2333 poster
1294 2255 1403 2314 auetor

285 2354 430 2418 imitatus
447 2359 496 2419 est
512 2353 700 2437 Vergilium,
724 2373 779 2416 eur
794 2351 979 2437 perturbate
1003 2351 1036 2418 id
1060 2352 1166 2418 animo
1191 2373 1264 2419 eum
1288 2354 1403 2422 ieeisse

287 2458 615 2544 dieitHeimreiehius‚
632 2479 703 2523 eum
715 2464 891 2524 Centaurica
902 2479 1053 2524 sareanen
1068 2460 1229 2544 immania,
1246 2459 1303 2526 sed
1320 2481 1403 2544 quae

286 2564 439 2632 Centauri
454 2565 581 2650 insigne
597 2566 731 2631 iaculari
740 2565 898 2651 videatur,
913 2564 977 2630 diei
992 2565 1197 2632 manifestum
1216 2567 1258 2632 sit
1271 2574 1404 2652 prepter

285 2672 319 2737 id
353 2672 439 2755 qued
469 2672 614 2755 seqnitur
639 2679 737 2754 pietas
767 2679 880 2737 matus?
924 2678 1085 2756 postremo
1111 2692 1152 2738 ne
1180 2695 1231 2739 vv.
1261 2677 1296 2738 et
1334 2693 1403 2756 sqq.

286 2779 434 2863 quidem:
467 2812 470 2819 ·

445 2930 506 2987 siue
522 2927 637 3002 aliquid
643 2917 797 3003 pharetris
811 2926 961 3001 Augustas
970 2931 1081 3000 parcat
1096 2924 1163 2998 eote,

546 3037 669 3108 differat
682 3035 714 3092 tu
723 3047 837 3107 pueros
850 3033 906 3089 ista
922 3037 1047 3107 tropaea
1062 3049 1139 3092 mos.

445 3143 555 3215 gaude,
574 3141 689 3218 Crasse,
704 3139 809 3214 aiaras
822 3139 848 3196 si
862 3140 936 3213 qaid
947 3140 1029 3213 sapis
1045 3141 1121 3198 inter
1137 3155 1264 3198 aranas:

544 3249 589 3306 ire
603 3263 659 3322 par
674 3247 848 3321 Euphraten
865 3245 908 3304 aa
922 3250 973 3304 tua
989 3245 1073 3304 bruta
1089 3245 1155 3305 ticet

288 3403 461 3467 expressos
479 3403 550 3448 esse
568 3381 699 3447 euneedi
717 3389 823 3467 petest
839 3403 879 3448 ex
896 3379 988 3447 Ovid.
1005 3388 1064 3446 art.
1080 3388 1176 3447 amet.
1193 3381 1217 3466 I,
1237 3386 1297 3446 177
1315 3401 1397 3464 sqq.:

448 3545 524 3607 ecce,
534 3537 630 3604 parat
648 3531 759 3588 Caesar
775 3531 880 3588 domita
897 3531 978 3603 quaa
992 3529 1086 3601 defuit
1101 3529 1174 3608 arbi,

500 3637 621 3695 addae.
651 3653 736 3708 rurae,
754 3637 851 3696 arias
866 3637 1087 3714 altmannum
1102 3639 1167 3696 eris.

448 3743 566 3813 Partha,
582 3741 667 3800 dabis
676 3759 802 3818 poenas.
836 3743 936 3801 Crassi
949 3745 1078 3817 gaudete
1092 3745 1196 3818 sepulti

499 3850 642 3924 statuaque
657 3848 906 3908 barbaricarum
922 3848 993 3908 heae
1002 3865 1099 3925 passa
1116 3843 1229 3910 tanaus.

446 3959 524 4017 ulter
540 3959 623 4015 adest
635 3957 794 4032 primisque
809 3957 911 4014 aaran
921 3958 1084 4031 profitetur
1098 3957 1129 4016 ia
1145 3957 1238 4026 anus,

502 4063 636 4138 bellaque
650 4079 710 4120 nou
720 4078 818 4137 puero
834 4066 944 4122 tractat
959 4064 1079 4138 agenda
1089 4079 1176 4138 parer.

288 4200 542 4267 namverberum
553 4219 617 4264 nun
632 4199 735 4264 maior
752 4204 801 4264 est
816 4197 990 4264 similitude
1007 4219 1102 4281 quam
1120 4217 1203 4282 quue
1219 4197 1402 4264 neeessario

290 4307 407 4391 evenit,
424 4307 450 4371 si
460 4305 679 4371 dueauetores
696 4305 736 4370 de
746 4304 854 4371 Crassi
871 4303 1072 4372 eladeverba
1087 4304 1223 4389 iaciunt3
1244 4304 1404 4371 sententia
