3192 5154
841 389 883 456 32

304 583 434 641 oausam
459 570 554 650 poeta
578 565 705 632 adieeta
725 588 789 658 oua
802 567 1031 634 ¹ooninnetione
1055 565 1187 635 definire
1208 565 1347 637 uidetur.
1386 575 1418 636 at

303 672 431 754 qualem
447 672 577 738 tandem
594 671 751 738 oausam?
787 673 821 736 in
836 691 936 740 novos
955 672 1074 758 hortos,
1096 695 1175 756 quos
1191 675 1362 742 Maecenas
1386 677 1418 740 in

302 779 455 862 Esquiliis
472 779 675 864 excoluerat
689 779 878 868 convenisse
895 780 1006 846 sonibit
1021 767 1159 846 vicinam
1174 781 1338 859 hominum
1354 789 1418 847 tur·

303 885 387 954 bam.
434 886 572 950 vicinam
588 885 711 976 seilicet
735 906 775 951 ex
798 885 1019 972 adiacentibus
1040 888 1226 971 regionibus
1249 889 1418 971 intellegis.

302 992 391 1074 atqui
408 999 538 1076 propter
562 991 740 1076 strepitum,
764 973 805 1058 ile
829 1010 892 1074 quo
908 999 1036 1088 ,postea
1049 993 1267 1080 verba‘finnt,¹¹
1280 995 1418 1069 vicinam

304 1098 465 1163 etiamen
490 1098 562 1162 aliis
593 1098 672 1163 vieis
696 1099 823 1176 turbam
846 1101 1025 1172 aoourrisse
1050 1100 1121 1183 quis
1145 1100 1276 1166 eredat?
1321 1102 1418 1166 immo

301 1204 406 1288 potius
422 1204 588 1268 turbamei
603 1205 768 1288 tabernae,
783 1205 817 1269 in
830 1223 892 1286 quo
908 1207 1062 1273 tumultus
1071 1208 1200 1290 oriatur,
1220 1207 1361 1272 vieinam
1378 1226 1418 1272 ex

303 1311 382 1398 ipsis
414 1309 503 1392 agris
531 1310 707 1392 Esquilinis
739 1331 946 1394 congressam
978 1334 1049 1379 esse
1074 1301 1330 1383 ‘consentaneum
1361 1318 1418 1378 est.

304 1416 389 1500 quod
405 1417 441 1494 si
447 1416 659 1500 probabiliter
679 1417 859 1501 expositum
884 1427 941 1503 est·7
965 1421 1157 1487 sententiam
1174 1420 1242 1485 solo
1265 1423 1330 1483 r..2
1355 1405 1419 1483 non
1492 1479 1495 1484 .

304 1523 383 1616 setis
400 1523 486 1602 olere
501 1601 506 1606 .
519 1542 706 1606 expressam
737 1543 810 1590 esse
834 1530 934 1608 patet.
976 1526 1094 1618 ¹itaque
1118 1526 1216 1590 etiam
1240 1523 1300 1592 hao
1322 1525 1419 1591 ratio-

304 1611 463 1708 einatione
480 1614 655 1711 moiemnn
671 1635 705 1694 ut
720 1651 772 1696 vv.
793 1635 830 1696 19
847 1653 894 1715 sq.
910 1631 1025 1714 quibus
1041 1633 1196 1704 tabernae
1211 1632 1329 1702 mentio
1342 1647 1418 1696 oen-

304 1735 500 1804 tineturhuo
523 1752 719 1802 revocemus.
760 1737 806 1802 sio
823 1739 908 1803 enim
924 1739 1084 1804 sententia
1098 1759 1195 1821 quam
1219 1739 1419 1823 postulamus

304 1843 399 1926 plene
431 1842 577 1906 effertur:
593 1862 686 1906 -eum
718 1844 835 1926 turpis·
852 1845 921 1911 rixa
939 1845 977 1910 in
1001 1864 1120 1932 areana
1147 1831 1282 1910 taberna
1304 1841 1419 1927 sonuit,

304 1949 411 2016 vieina
428 1949 457 2013 ei
473 1949 567 2013 turba
584 1969 624 2015 ex
639 1950 731 2016 novis
748 1950 835 2032 agris
852 1951 997 2018 aeeurrit.
1044 1951 1102 2016 sed
1118 1957 1225 2026 tamen
1240 1949 1302 2015 hae
1316 1957 1418 2016 trans-
1462 1956 1465 1960 ’

305 2055 464 2139 positione
480 2054 575 2140 laeta,
591 2057 618 2122 si
634 2057 684 2122 bis
700 2078 765 2122 cum
774 2057 932 2139 particula
940 2057 1076 2141 ponitur,
1085 2057 1295 2141 posteriorem
1304 2064 1345 2137 (v.
1359 2061 1418 2138 19.)

304 2161 402 2248 priori
427 2170 468 2240 (v.
493 2166 534 2246 2.)
551 2163 758 2230 ιειιῑὴιιιιοῖειιι]
777 2183 848 2242 esse
878 2163 1048 2230 sentimus:
1086 2182 1185 2246 quere
1209 2163 1365 2247 languida
1378 2169 1420 2230 ,et

305 2287 419 2351 parum
436 2268 608 2353 perspieua
631 2269 738 2334 evenit
763 2268 918 2337 enuntiati
939 2273 1106 2347 struetura.
1151 2269 1234 2337 hano
1257 2275 1419 2336 autemut

305 2373 515 2458 expoliamus,
538 2393 608 2439 oum
626 2375 737 2446 variae
754 2375 993 2442 emendationes
1011 2377 1187 2460 exeogitari
1209 2377 1341 2461 possint,
1357 2383 1418 2459 ego

304 2481 392 2566 prius
408 2479 488 2545 illud
504 2502 568 2546 oum
582 2471 775 2548 mutaverim
798 2483 831 2547 in
845 2467 914 2548 naor
929 2479 1134 2567 particulam}
1165 2505 1228 2566 qua
1251 2478 1347 2568 plane
1358 2483 1417 2548 de-

224 2573 228 2580 ’
294 2587 410 2668 ¹finitur
441 2588 600 2670 quomodo
627 2593 799 2671 sequentes
830 2609 942 2655 versus
973 2610 1044 2654 eum
1079 2589 1184 2675 primo
1217 2589 1418 2680 ooheereunt.

304 2702 407 2760 totum
425 2694 522 2778 igitur
538 2695 664 2779 elegiae
680 2694 806 2760 initium
822 2695 900 2760 olim
914 2695 974 2762 hoo
990 2703 1067 2780 erat,
1090 2703 1316 2781 praeterquam
1333 2695 1419 2778 quod

306 2801 347 2866 de
360 2809 481 2882 soponit
496 2803 587 2867 verli
603 2802 786 2884 integritate
800 2801 930 2867 dubito:

410 2897 414 2903 ⁸
466 2915 544 2974 disce
559 2913 632 2988 quid
645 2914 794 2988 Esquilino
803 2915 969 2998 ‘luno-oocte
980 2909 1100 2990 friguerit
1114 2927 1259 2990 aquosas:

547 3037 616 3078 oum
632 3021 728 3079 stolon
743 3021 826 3080 nouis
841 3007 927 3080 root
943 3023 1074 3080 cucurrit
1088 3009 1179 3098 apris
1220 3015 1226 3026 ‘
1360 3017 1362 3020 ’

464 3128 556 3204 turpis
571 3128 601 3186 io
618 3143 734 3187 arcano
749 3115 844 3188 sonus
858 3144 921 3186 eum
936 3130 1008 3187 νίκα
1024 3123 1167 3198 taberna}

544 3234 570 3292 si
584 3235 646 3292 sine
661 3249 714 3306 me,
728 3234 906 3306 [noioeane
918 3237 985 3295 'aare
999 3235 1066 3299 lohe
1080 3250 1172 3295 mooe.

393 3335 622 3418 Hisenpositis
639 3331 807 3400 veniamus
827 3334 870 3401 ad
887 3337 924 3422 V,
941 3343 959 3401 5
978 3337 1005 3403 ν’.
1025 3341 1066 3401 62
1083 3336 1137 3418 qui
1154 3353 1225 3399 oum
1242 3330 1415 3403 mendosus

271 3441 339 3535 nin
355 3440 518 3506 oodioibus
535 3441 737 3508 sinteraturr-

558 3571 616 3630 per
630 3559 811 3629 tenues-ossa
826 3561 893 3614 aurit
906 3560 1062 3615 nummata
1077 3558 1165 3632 autes,

307 3673 327 3718 a
342 3654 504 3738 plerisque
514 3652 640 3720 eiectus
657 3662 713 3749 est.
760 3655 817 3720 sed
834 3657 985 3738 quoniam
1001 3652 1249 3721 versieulumab
1265 3652 1325 3717 hoo
1341 3651 1420 3735 loeo,
1475 3652 1479 3661 ’

307 3760 396 3832 euius
412 3762 883 3846 tamenpersetamperspioua
899 3769 947 3828 est
964 3758 1131 3843 sententia,
1148 3759 1231 3826 adeo
1247 3751 1420 3828 abhorren-

307 3874 371 3932 tem
387 3868 428 3932 ab
444 3868 672 3953 interpolatore
689 3868 910 3940 oonoinnatnm
927 3887 999 3934 esse
1020 3867 1075 3932 vix
1091 3863 1245 3931 credibile
1269 3865 1420 3950 estsine

307 3972 404 4058 dubio
429 3973 606 4040 servandus
637 3975 691 4042 ille
716 3981 780 4057 est,
811 3972 984 4037 dummodo
1009 3971 1224 4056 ¹probabiliter
1255 3971 1419 4038 emendari

307 4080 414 4164 possit
460 4081 620 4146 immerito
636 4087 744 4145 tamen
761 4087 793 4145 et
809 4079 996 4150 Jacobua]
1026 4103 1030 4112 ·
1129 4127 1139 4142 .

503 4200 690 4269 pertenuem
707 4174 774 4252 osso
790 4191 861 4249 milri
874 4198 941 4249 suot
955 4197 1110 4256 uulnerato
1126 4196 1219 4249 eutem
1326 4245 1332 4252 ,

307 4293 600 4378 etHertzbergius:
658 4363 664 4370 ,
