3224 5154
756 391 795 456 dl

288 560 314 619 d.
328 563 380 619 Est
392 561 475 620 etiam
488 561 601 632 aurigae
615 563 723 638 species
734 565 914 632 Vertumnus,
927 563 1038 630 eteius,

358 653 452 708 traicit
464 652 572 708 alterno
586 653 634 721 qui
646 653 707 707 leve
726 653 838 721 pondus
847 669 939 722 equ03
1007 709 1011 716 ,

323 746 457 811 suppetat
468 739 530 808 hoc,
543 741 635 809 pisces
647 743 752 818 calamo
767 741 932 809 praemunt,
946 747 975 797 et
987 742 1034 796 ibo

358 831 477 899 mundus
491 829 618 884 demissis
631 829 744 884 institor
757 829 785 882 in
798 829 910 885 tunicis.
925 860 955 869 -

322 924 463 988 pastorem
482 919 519 972 cd
536 919 665 973 baculum
683 933 798 987 possum
817 917 955 986 simulare,
974 920 1020 974 vel
1038 919 1111 974 idem

357 1005 497 1075 sirpiculis
509 1005 601 1065 medio
615 1007 731 1075 pulvere
743 1002 816 1061 ferre
829 1021 929 1060 rosam.
990 1021 1000 1054 s

275 1134 312 1184 a¹.
325 1128 371 1186 Sic
383 1130 457 1198 mihi,
477 1130 554 1200 quod
572 1125 675 1185 forinas
693 1147 764 1185 unus
783 1130 914 1185 vertebar
932 1129 961 1184 in
974 1146 1079 1199 omnes,

357 1234 457 1274 nomen
470 1220 505 1274 ab
519 1224 621 1274 eventu
634 1219 726 1288 putria
738 1219 834 1290 lingua
848 1219 933 1276 dedit

227 1381 271 1433 Bt
284 1395 308 1432 a.
322 1381 358 1433 Et
371 1385 410 1445 tu,
424 1379 522 1445 Roma,
534 1378 604 1432 meis
617 1377 740 1433 tribuisti
754 1380 876 1456 praemia
888 1379 997 1446 Tuscis,

357 1465 430 1521 und'e
443 1466 526 1520 hodie
539 1467 619 1520 vicus
631 1467 743 1520 nomina
755 1467 865 1521 Tuscus
877 1466 970 1538 habet,

322 1563 447 1624 tempore
461 1571 517 1624 quo
531 1554 615 1609 sociis
628 1555 705 1608 venit
717 1555 906 1624 Lycomedius
915 1553 999 1609 armis

358 1648 441 1712 atque
454 1642 558 1698 Sabina
570 1642 621 1710 feri
635 1642 763 1697 contudit
776 1657 851 1697 arma
862 1641 935 1697 Tati.
1024 1675 1030 1688 ·

286 1768 313 1822 b.
328 1767 393 1822 Vidi
407 1783 459 1835 ego
473 1767 600 1821 labentes
614 1766 687 1821 acies
700 1771 729 1822 at
742 1767 798 1822 tela
811 1767 923 1834 caduca,

357 1861 440 1924 atque
454 1854 550 1909 hostes
564 1855 640 1924 turpi
653 1860 733 1924 terga
745 1853 857 1910 dedisse
870 1854 962 1923 fugae.

322 1945 372 1999 sed
384 1943 478 2011 facias,
492 1941 587 1998 divum
601 1948 685 2011 sutor,
699 1948 731 1996 ut
742 1945 869 1998 Romana
882 1958 932 2011 per
945 1931 1044 1998 aevum

357 2038 481 2088 transeat
493 2039 558 2087 ante
571 2048 648 2087 meos
660 2032 744 2085 turba
757 2036 855 2099 togata
867 2031 963 2102 pedes.

226 2193 275 2247 Al.
295 2209 298 2214 ·
325 2192 380 2247 Sex
393 2197 528 2261 superant
539 2204 637 2250 versus
652 2190 702 2260 (ta,
716 2191 764 2259 qui
777 2190 814 2246 ad
826 2190 986 2260 vadimonia
998 2189 1095 2258 curris,

357 2296 413 2334 non
426 2281 553 2347 morcui:
569 2278 637 2333 haec
650 2279 751 2347 spatis
763 2279 861 2333 ultima
874 2283 947 2333 meta
960 2277 1036 2336 meis.

225 2440 259 2492 D.
287 2429 290 2436 ⁴
321 2437 415 2509 Stipes
428 2453 545 2492 acernus
558 2453 641 2504 eram,
655 2437 819 2506 properanti
830 2436 901 2491 falce
915 2437 1035 2504 dolatus,

297 2595 300 2602 Δ
355 2532 420 2581 anto
434 2526 550 2584 Numam
562 2529 763 2594 gratapauper
776 2525 805 2578 in
819 2525 887 2578 urbe
901 2525 978 2580 deus.
993 2555 1025 2564 -
1120 2546 1122 2556 r

322 2622 352 2670 at
364 2615 425 2683 tibi,
438 2615 563 2682 Mamuri,
576 2613 681 2668 formae
695 2613 818 2667 caelator
830 2604 944 2681 alenae,

354 2703 437 2757 tellus
450 2697 571 2758 artifices
585 2717 619 2774 ne
633 2706 705 2756 terat
718 2700 789 2755 Osca
802 2716 907 2768 manus,
1017 2695 1022 2708 '

318 2792 365 2862 qui
378 2807 420 2846 me
434 2797 489 2846 tam
503 2790 602 2858 docilis
615 2790 734 2859 potuisti
747 2788 864 2844 fundere
876 2785 905 2843 in
918 2805 994 2854 usus.

356 2897 440 2935 unum
454 2896 526 2948 opus
540 2885 591 2946 est,
613 2878 693 2947 operi
706 2894 762 2931 non
776 2878 859 2932 datu'r
872 2893 944 2932 unus
957 2877 1055 2933 honos.

688 3039 847 3050 ιι--ι-ι--υι-ιν

295 3131 297 3141 ‚
331 3163 484 3234 Carmen
500 3164 539 3229 lc
555 3163 648 3244 qnod
666 3162 759 3232 falso
776 3115 963 3244 Propertii
980 3178 1059 3230 esse
1076 3161 1207 3268 fertur.
1243 3215 1245 3220 .
1355 3214 1360 3224 .

221 3340 259 3396 A.
322 3341 400 3409 „Quo
415 3340 472 3395 ruis
485 3339 655 3409 imprudens,
668 3355 756 3408 mage,
770 3338 862 3394 dicere
875 3339 933 3393 fata
945 3337 1097 3408 Properti?
1148 3389 1153 3396 ,
1194 3345 1197 3352 ’

352 3445 411 3484 uon
423 3434 488 3483 sunt
500 3427 535 3483 ah
549 3430 647 3484 dextro
661 3427 775 3482 condita
787 3422 834 3480 fila
847 3428 918 3482 colo.
1193 3423 1198 3432 '

319 3515 425 3570 aversis
437 3513 524 3572 musis
536 3523 647 3573 cantus:
663 3531 779 3572 aversus
792 3515 915 3584 Apollo:

354 3603 449 3672 poscis
462 3605 498 3658 ab
511 3604 602 3658 iuvita
612 3606 699 3660 verba
712 3605 834 3675 pigenda
846 3604 934 3674 lyra.“

221 3761 271 3817 At
321 3761 403 3818 Certa
414 3760 501 3816 feram
515 3762 598 3817 certis
616 3763 793 3822 auctoribus:
813 3763 888 3823 haud
906 3780 959 3834 ego
978 3769 1058 3820 vates

256 3857 259 3864 ⁴
352 3849 464 3904 nescius
477 3856 572 3904 aerata
584 3851 664 3918 signa
676 3868 788 3908 movere
801 3853 868 3922 pila.

316 3954 358 3992 me
372 3943 447 3992 creat
459 3938 603 4009 Archytae
617 3939 731 3994 suboles
743 3941 918 4010 Babylonius
929 3943 1044 4010 Horops

352 4027 457 4094 Horon,
470 4033 499 4082 et
512 4043 528 4081 a
541 4043 649 4096 proavo
663 4027 747 4082 ducta
760 4028 874 4111 Conone
888 4031 996 4084 domus.

222 4183 254 4240 Β.
281 4199 305 4238 a.
319 4183 355 4236 Di
367 4183 433 4238 mihi
444 4191 512 4248 sunt
524 4191 611 4242 testes
620 4203 681 4240 non
692 4187 878 4256 degenerasse
891 4190 1075 4262 propinquos,

353 4271 437 4340 inque
450 4274 520 4328 meis
531 4275 612 4332 libris
622 4275 662 4329 nil
674 4275 753 4346 prius
766 4292 828 4332 osse
840 4273 904 4334 fide.
