3192 5154
834 393 871 458 tl

298 565 320 653 1,
338 575 367 654 6,
382 573 442 653 265
471 569 601 636 Terent.
617 569 697 635 Eun.
716 575 787 636 138.
819 571 929 653 itaque
945 591 1018 636 cum
1034 571 1169 654 singulis
1185 569 1329 638 distichis
1345 572 1409 638 sin-

295 677 390 760 gulas
406 697 535 766 semper
550 677 725 743 sententias
741 677 907 743 incluserit
922 678 1006 761 lena,
1021 677 1073 742 hic
1088 698 1215 760 quoque
1231 698 1409 762 eamquam

295 783 390 849 modo
406 783 640 868 circumscripsi
664 803 723 867 per
739 789 839 847 totum
853 783 1010 848 distichon
1026 790 1197 868 persecuta
1212 803 1285 851 esse
1301 786 1409 852 existi-

295 889 415 955 manda
431 895 488 954 est.
534 907 598 970 qua
614 887 655 953 de
670 907 769 953 causa
785 888 916 973 probari
940 888 1050 970 nequit
1066 889 1153 971 quod
1168 890 1320 958 Heinsius
1336 913 1409 977 pro·

295 996 402 1082 posuit
424 996 477 1061 rel
506 1001 696 1060 aestimatore
716 1000 809 1058 otram
836 994 889 1060 vel
912 1002 1052 1059 amalore
1082 998 1158 1060 tram
1188 997 1243 1062 vel
1271 1004 1411 1063 simulare
1489 1073 1492 1082 ⁴

293 1112 406 1167 malurn.
451 1121 587 1184 quarum
603 1099 861 1165 emendationum
878 1100 984 1185 prima
999 1101 1118 1185 repetit
1139 1101 1237 1166 etiam
1253 1121 1408 1189 praecep·

294 1216 361 1274 tum
377 1229 429 1274 vv.
439 1211 476 1274 31
497 1227 544 1289 sq.
561 1205 680 1290 datum,
696 1205 838 1272 secunda
853 1206 1012 1289 tertiaque
1027 1225 1124 1272 unam
1139 1213 1263 1272 tantum
1272 1199 1408 1292 eamque

293 1322 360 1379 tam
376 1314 575 1398 singularem
592 1313 761 1379 cunctandi
778 1333 908 1379 causam
925 1311 1026 1397 affert,
1043 1319 1078 1377 ut
1094 1312 1149 1379 vix
1158 1316 1328 1382 conveniat
1336 1336 1408 1382 cum

293 1421 348 1486 illo
364 1429 446 1484 utere
468 1426 566 1483 rearis
588 1439 720 1504 prorsus
743 1420 776 1483 in
800 1420 984 1486 universum
1008 1418 1100 1485 dicto.
1152 1420 1211 1486 sed
1227 1420 1343 1487 eadem
1367 1421 1408 1488 de

293 1547 392 1593 causa
407 1546 471 1608 qua
486 1524 567 1590 illud
584 1532 772 1590 aestimatore
787 1531 880 1590 viram
889 1525 1037 1609 displicet
1045 1524 1144 1592 etiam
1152 1527 1239 1610 quod
1246 1528 1408 1614 Hauptius

293 1633 421 1718 scripsit
435 1639 585 1696 aemulare
599 1638 684 1696 trum.
729 1632 800 1716 ipse
816 1652 888 1698 eam
904 1632 1107 1716 sententiam,
1129 1653 1225 1715 qnam
1241 1634 1317 1699 huic
1338 1635 1407 1701 loco

292 1740 384 1805 unice
413 1745 524 1824 aptam
556 1757 628 1803 esse
651 1758 751 1822 supra
775 1736 932 1821 contendi,
962 1757 1157 1822 recuperare
1180 1744 1312 1804 conatus
1336 1760 1406 1805 sum

293 1845 461 1911 scribendo
477 1850 658 1909 clamatore
679 1863 791 1907 morum
801 1850 930 1923 pretium
950 1849 1035 1921 saort.
1082 1842 1123 1909 de
1147 1844 1185 1907 Α.
1202 1844 1274 1910 visa
1298 1845 1335 1910 U.
1352 1845 1406 1911 cfr.

292 1950 461 2016 Ribbeohii
484 1950 574 2034 proll.
598 1949 695 2032 Verg.
719 1971 749 2033 p.
765 1953 838 2014 236.
885 1969 990 2032 neque
1013 1969 1090 2015 vero
1114 1949 1175 2015 hoc
1197 1957 1406 2036 praeceptum

292 2060 405 2124 iterum
422 2056 517 2122 datur
533 2077 583 2121 vv.
593 2059 634 2120 33
644 2075 707 2137 sq.;
734 2054 849 2136 quibus
866 2074 936 2118 cum
958 2054 999 2120 de
1013 2053 1140 2120 Venere
1155 2055 1221 2119 iarn
1237 2056 1406 2140 promissa,

291 2165 351 2232 sed
373 2170 488 2332 posttea
512 2162 613 2228 dilata
633 2161 753 2226 mentio
775 2160 839 2244 fiat,
870 2160 922 2224 hic
943 2161 1086 2245 puellam
1110 2160 1229 2226 callida
1252 2161 1405 2230 Acanthis

291 2277 445 2353 monet‚u
446 2275 520 2332 tan
521 2274 652 2349 tequam
675 2267 725 2333 sui
748 2266 874 2351 copiam
898 2286 933 2331 se
957 2266 1113 2332 iacturam
1135 2287 1207 2334 esse
1230 2269 1405 2353 promittat,

292 2382 468 2441 amatorem
483 2373 565 2440 fictis
580 2373 678 2438 moris
695 2373 800 2456 magis
817 2372 915 2438 etiam
931 2374 1123 2440 exstimulet.

379 2480 449 2546 Hac
463 2499 499 2545 re
517 2480 665 2565 exposita
684 2500 767 2545 nunc
782 2480 889 2563 placet
905 2479 1050 2565 proferre
1075 2481 1258 2565 exemplum
1279 2480 1405 2548 litterae

290 2588 433 2654 H.inN.
450 2593 636 2671 corruptae
664 2585 699 2650 id
715 2585 800 2669 quod
821 2604 881 2651 usu
897 2586 1007 2652 venire
1025 2585 1241 2671 firmaret
1264 2591 1283 2650 2
1284 2594 1405 2675 ‚5pro

289 2702 364 2760 tuce
379 2692 534 2758 exhibens
550 2713 620 2768 oee;
643 2691 697 2757 cfr.
714 2691 882 2756 Ribbeckii
903 2692 995 2776 proll.
1019 2692 1116 2776 Verg.
1140 2715 1171 2777 p.
1188 2695 1261 2758 tle.
1307 2700 1404 2836 atque

289 2801 326 2885 V,
342 2805 372 2884 2,
391 2806 429 2884 19
446 2799 656 2864 Vertumnum
673 2797 723 2862 his
739 2797 864 2863 verbis:

447 2912 578 2970 mendox
589 2911 687 2987 fame,
702 2925 806 2969 noem:
828 2911 905 2968 altar
919 2911 988 2969 milet
1009 2912 1245 2989 coministrum,

288 3032 360 3077 eum
375 3011 453 3097 ipse·
464 3011 506 3077 sit
521 3011 604 3076 alius
620 3011 675 3076 ille
691 3010 828 3076 nominis
845 3012 894 3076 sui
910 3011 1079 3096 interpres,
1095 3012 1210 3077 mirum
1226 3013 1259 3075 in
1273 3009 1403 3078 modum

289 3117 496 3200 sequentibus
512 3116 578 3182 his:

565 3230 604 3289 de
617 3243 650 3288 se
664 3230 803 3289 comanti
817 3234 848 3288 ta
862 3231 948 3289 modo
962 3231 1051 3289 crede
1067 3231 1121 3289 deo

288 3328 434 3415 praefari·
454 3329 530 3394 olim
546 3349 624 3395 vero
639 3328 795 3395 iudicavit
819 3330 1053 3395 Lachmannus.
1099 3349 1203 3412 neque
1227 3327 1401 3411 quidquam

288 3436 388 3502 iocosi
419 3436 452 3500 in
483 3436 592 3502 ieiuna
625 3435 689 3501 ista
717 3436 936 3502 enuntiatione
958 3437 1065 3502 inesse
1090 3435 1203 3501 ceteris
1227 3433 1402 3500 editoribus

287 3543 516 3609 concesserim:
532 3553 535 3560 '
553 3541 608 3607 cfr.
632 3542 772 3608 lacobus
804 3543 1099 3626 Hertzbergiusque
1129 3541 1171 3605 ad
1202 3541 1231 3605 h.
1260 3562 1289 3607 v.
1344 3539 1402 3606 sed

287 3648 372 3730 quod
395 3649 564 3734 proposuit
587 3648 637 3713 vir
661 3648 813 3731 egregius
833 3655 919 3727 fetro
943 3670 974 3712 co
992 3655 1061 3712 milri
1082 3655 1316 3713 coministrum
1337 3665 1402 3709 non

287 3755 357 3821 sine
387 3754 473 3820 iusta
503 3774 602 3820 causa
630 3755 793 3840 displicuit
815 3754 1028 3836 Hertzbergio
1059 3760 1189 3836 propter
1220 3752 1288 3816 eius
1316 3771 1401 3833 quae

286 3861 434 3946 proxime
459 3861 620 3927 antecedit
644 3861 825 3927 sentcntiae
849 3866 980 3922 mendox
999 3866 1095 3939 famo,
1125 3877 1211 3920 acces
1233 3857 1401 3923 molestam

286 3967 520 4052 repetitionem.
552 3974 585 4032 at
600 3968 681 4033 hacc
695 3968 770 4052 ipsa
785 3985 859 4029 num
876 3965 953 4030 vitio
970 3961 1081 4028 caret?
1117 3962 1168 4026 oui
1190 3963 1274 4026 enim
1290 3971 1402 4028 nocet

287 4072 372 4155 quod
395 4072 484 4137 fama
515 4073 632 4139 falsam
653 4072 820 4138 Vertumni
851 4068 987 4133 nominis
1017 4067 1175 4150 originem
1207 4068 1400 4133 ementitur?

286 4179 430 4264 prolecto
457 4199 562 4262 neque
582 4178 645 4263 ipsi
668 4177 843 4242 Vertumno
867 4193 972 4257 neque
995 4173 1143 4238 auditori.
1197 4175 1311 4256 quodsi
1335 4181 1398 4238 tarn

286 4305 402 4354 vanum
428 4292 477 4350 est
500 4283 579 4349 illud
602 4282 738 4347 nocendi
754 4283 897 4366 verbum,
916 4301 977 4356 ¹our
998 4279 1117 4346 famam
1141 4281 1304 4346 mentitam
1328 4301 1400 4347 esse
1467 4283 1472 4292 '
