3224 5154
818 388 862 450 96

282 559 323 628 de
339 559 454 628 eodem
470 569 661 645 argumento
677 561 808 646 scripta,
829 561 857 628 si
880 561 947 626 iam
967 561 1110 645 legisset,
1133 561 1205 628 sino
1228 560 1326 628 dubio
1349 583 1399 630 re-

281 674 465 754 specturum
488 667 588 734 tuisse
610 666 748 734 censet?
785 674 828 732 at
857 688 922 733 non
951 667 1109 734 tastormn
1131 667 1197 753 illa,
1228 668 1287 736 sod
1310 669 1398 736 urhis

281 776 404 842 Romae
419 775 630 862 periegeseos
646 774 830 858 fragmenta
845 794 917 842 esse
932 795 1016 840 nune
1031 773 1206 842 docuimus.
1237 781 1397 860 postremo

282 883 323 950 de
339 883 454 950 odietis
468 883 542 967 illis,
559 881 674 965 quibus
684 882 828 948 earmina
842 888 1113 968 nostra„exeepto
1122 882 1232 948 ultimo
1241 883 1398 967 puerilem

282 991 390 1058 omnia
405 1009 524 1076 sapere
540 996 573 1055 et
588 988 813 1055 soholastioum
829 997 961 1074 poetam
976 1009 1150 1073 orasseque
1165 988 1312 1056 Minerva
1327 1007 1399 1055 esse

283 1097 479 1184 composita“
502 1096 553 1163 vel
578 1116 642 1161 non
663 1095 759 1162 modo
774 1096 1020 1181 ‚‚spureissima“
1042 1097 1206 1163 eontinere
1229 1101 1261 1162 et
1283 1095 1399 1180 ‚inele-

281 1203 501 1287 gantissima‘f,
531 1202 590 1268 sed
621 1223 704 1286 quae
730 1203 828 1270 otiam
857 1224 980 1271 avara
1003 1203 1164 1290 Propertii
1187 1209 1220 1268 et
1242 1200 1401 1287 Cynthiae

281 1310 424 1393 imagine
432 1308 635 1394 abhorreant,
651 1308 816 1394 professus
833 1309 1137 1395 estHeimroiehius‚
1153 1307 1194 1375 de
1204 1309 1399 1392 quibuscum

284 1415 327 1480 ad
343 1416 542 1500 singulorum
559 1435 689 1482 sensnm
703 1415 848 1501 redeant,
863 1415 967 1482 hhora
982 1423 1032 1482 est
1046 1415 1220 1483 sententia:
1236 1453 1276 1464 -
1294 1413 1335 1480 de
1350 1414 1401 1480 his

287 1523 387 1607 igitur
410 1522 488 1605 quid
512 1523 605 1590 nohis
635 1523 840 1590 iudicandum
864 1523 1012 1590 videatur
1036 1524 1084 1590 eis
1109 1523 1188 1590 satis
1212 1520 1343 1590 ednotus
1367 1541 1402 1588 es

284 1649 367 1712 quae
383 1629 424 1695 de
440 1629 552 1695 horum
569 1630 744 1695 oarminum
769 1631 902 1697 oonsilio
926 1639 958 1697 et
982 1631 1213 1715 oompositione
1238 1627 1403 1713 strophioa

284 1757 384 1822 supra
401 1734 646 1821 disputavimus.
692 1757 776 1819 quae
800 1759 872 1802 oum
895 1738 941 1802 ita
956 1738 1029 1820 sint,
1053 1743 1277 1819 argumentum
1302 1757 1400 1800 unum

284 1851 408 1910 tantum
425 1849 497 1928 stat,
514 1845 623 1928 qro,
643 1849 653 1907 1
668 1865 719 1909 vv.
732 1849 786 1908 121
805 1864 875 1927 sqq.
891 1845 933 1909 ah
949 1844 1020 1929 ipso
1037 1842 1205 1928 Propertio
1221 1863 1240 1907 e
1255 1842 1401 1926 Propert.

284 1952 309 2035 Ι,
325 1954 366 2013 22
386 1949 560 2015 translatos
577 1969 650 2016 esse
671 1950 814 2033 negavit.
852 1949 886 2014 id
902 1955 1010 2016 autem
1026 1949 1112 2014 eadit
1126 1950 1160 2013 in
1176 1948 1255 2014 illud
1272 1968 1401 2013 oarmen

285 2055 371 2140 quod
393 2055 610 2122 Heimreiohio
641 2057 759 2123 eortius
789 2078 847 2123 nos
872 2057 1009 2123 evicisse
1038 2076 1206 2143 speramus
1238 2076 1301 2120 non
1329 2073 1401 2120 esse

285 2163 457 2248 Propertii.

375 2287 528 2353 Cetera
551 2294 685 2352 tamen
711 2308 796 2353 aum
820 2308 898 2351 non
922 2286 1135 2354 videamus
1164 2307 1311 2352 oausas
1332 2307 1402 2350 our

286 2393 382 2458 huio
406 2400 560 2479 poetae
584 2394 892 2478 abiudioemus‚
914 2402 997 2459 tum
1022 2391 1222 2476 quasdam
1246 2392 1402 2457 hahere

287 2499 408 2564 nobis
424 2499 616 2566 videmur
638 2521 703 2566 our
727 2502 763 2566 ei
784 2501 852 2568 vel
874 2501 1171 2583 attribuamus,
1194 2499 1403 2584 repetitas

287 2605 388 2691 illas
419 2607 594 2672 maxime
626 2627 643 2673 e
674 2627 716 2672 re
748 2607 969 2684 metrioa*).
1020 2606 1138 2671 seolusi
1170 2613 1277 2671 autem
1310 2625 1331 2668 a
1353 2624 1404 2670 ee·

286 2711 364 2777 teris
387 2731 484 2778 earm.
507 2714 545 2798 V,
572 2720 609 2778 le
632 2713 717 2796 quod
741 2713 910 2798 Propertio
933 2709 1182 2778 abiudieandum
1208 2731 1280 2778 esse
1304 2711 1399 2793 duxi3

287 2837 469 2901 quanquam
493 2819 526 2883 in
550 2818 662 2904 pauois
696 2819 745 2884 his
777 2819 925 2886 versibus
952 2838 1016 2884 non
1047 2820 1252 2885 inveniuntur
1278 2838 1405 2900 quasa

287 2931 467 2990 oeterorum
489 2924 717 2995 consuetudine
742 2924 901 2991 differant.
954 2932 986 2992 et
1008 2927 1146 3010 primum
1170 2924 1301 3008 quidem
1326 2945 1404 3007 qua·

286 3032 335 3097 les
357 3032 441 3097 inter
464 3031 679 3116 spondeorum
704 3040 736 3098 et
759 3032 959 3118 daotylorum
983 3033 1017 3097 in
1040 3033 1175 3115 singulis
1199 3032 1289 3099 libris
1312 3053 1404 3098 usum

287 3135 489 3204 interoedant
516 3139 657 3205 rationes
687 3139 798 3223 pauois
822 3141 981 3225 exemplis
1004 3139 1243 3204 illustrabimus.
1296 3140 1405 3222 itaque

287 3264 370 3309 nuno
408 3242 668 3310 hexametrorum
707 3252 857 3327 quattuor
896 3245 997 3330 podes
1035 3245 1160 3329 priores
1198 3245 1259 3310 hae
1293 3245 1405 3310 tabula

288 3349 334 3414 ita'
350 3350 562 3434 conferamus,
584 3359 619 3416 ut
642 3352 724 3416 liber·
750 3353 879 3434 quintus
903 3359 934 3416 et
958 3357 1090 3433 quartus
1113 3351 1209 3416 facile
1225 3352 1405 3436 comparari

293 3457 425 3541 possint.
471 3456 659 3522 conformati
683 3464 790 3522 autem
807 3457 938 3524 suntad
956 3458 1075 3524 formas
1102 3478 1183 3539 quas
1209 3459 1404 3543 praescripsi

288 3562 468 3628 hexametri

361 3828 387 3891 *J
401 3829 433 3880 In
447 3827 490 3881 his
510 3834 601 3884 autem
615 3829 904 3884 animadversionibus
922 3830 999 3884 leves
1018 3829 1130 3899 quidam
1144 3846 1319 3885 numerorum
1332 3847 1405 3885 erro-

290 3933 344 3982 res,
365 3931 437 3984 quos
456 3933 555 3971 vereor
574 3924 606 3972 ut
623 3935 740 3987 prorsus
760 3919 912 3986 effugerim,
932 3919 1085 3972 excusandi
1103 3919 1169 3972 mihi
1187 3924 1268 3986 sunt3
1289 3919 1338 3973 sed
1356 3935 1406 3973 eos

290 4005 454 4058 numerandi
475 4007 590 4074 negotio
610 4007 702 4061 denuo
729 4013 861 4076 suscepto
881 4007 1042 4062 removendi
1060 4007 1149 4075 magis
1167 4006 1251 4062 etiam
1269 4023 1312 4061 me
1331 4009 1407 4076 oepit

290 4093 421 4160 taedium,
435 4111 497 4148 oum
509 4096 555 4150 vel
567 4097 608 4149 sio
621 4097 767 4150 universae
780 4097 903 4150 rationes
916 4096 985 4150 satis
998 4099 1134 4150 constent
