3192 5154
524 367 551 422 O
718 357 867 418 ’46

290 528 449 594 rationum
473 527 706 613 strophicarum
730 528 941 594 concinnitate
972 527 1122 594 elucebit.
1170 549 1246 594 nam
1269 531 1405 611 nequis

291 653 387 698 carm.
403 635 442 717 V,
461 640 508 718 la,
529 639 559 718 2,
582 639 611 717 4,
637 634 688 716 cb,
711 639 747 724 9ι
768 638 805 698 l0
829 632 1010 718 imperfecti
1033 636 1141 720 operis
1164 635 1310 701 membra
1333 655 1405 702 esse

290 747 446 825 opponat:
465 746 599 825 possunt
607 741 677 806 sine
685 738 782 804 dubio
791 746 857 806 toto
866 760 965 825 operc
972 739 1115 806 nondum
1122 741 1406 825 absolutcsingula

290 847 434 912 carmina
449 846 596 912 omnibus
618 845 763 914 numeris
785 845 910 912 absolvi
934 851 966 911 ct
990 847 1135 932 expoliri.
1181 848 1292 930 itaque
1308 868 1404 912 unum

288 959 410 1028 tantum
428 973 559 1020 carmen
567 952 771 1022 undecimum
787 951 965 1037 perlectum
980 974 1044 1018 nou
1061 973 1132 1020 esse
1148 953 1296 1024 concedo.
1328 975 1403 1020 nam

289 1059 428 1144 primum
444 1058 573 1150 quidem
590 1059 751 1145 duplicem
768 1080 877 1124 eorum
902 1060 1035 1141 quaein
1058 1061 1113 1124 illc
1128 1068 1299 1127 narrentur
1314 1081 1402 1131 scae-

289 1187 364 1232 nam
396 1186 469 1232 esse
500 1185 636 1249 eamque
672 1165 838 1232 contusam
869 1171 953 1250 post
976 1166 1057 1232 alios
1088 1167 1213 1232 monuit
1242 1167 1403 1236 Luciauus

287 1271 464 1338 Muellerus
486 1272 520 1337 in
543 1271 746 1338 Fleckeiseni
770 1291 846 1336 ann
867 1271 929 1337 vol.
946 1276 984 1337 91
1010 1294 1041 1357 p.
1064 1276 1139 1336 422.
1184 1279 1281 1356 atque
1306 1273 1403 1346 etiam

289 1377 417 1460 singula
437 1378 580 1463 disticha,
610 1391 693 1444 nunc
723 1385 801 1466 apto
825 1399 911 1445 nexu
943 1379 1096 1464 carentia,
1126 1378 1287 1445 interdum
1310 1379 1404 1444 aliter

289 1484 509 1550 ordinaturum
525 1484 624 1552 luisse
640 1492 770 1570 poetam
784 1481 886 1550 sensit
902 1484 1137 1571 Peerlkampus
1154 1485 1208 1568 qui
1225 1478 1403 1551 extremum

288 1592 376 1656 vitae
391 1591 491 1686 otium
508 1591 583 1656 huic
598 1591 742 1676 carmini,
765 1589 943 1674 elegiarum
959 1591 1103 1676 reginae,
1126 1592 1268 1658 navavit.
1305 1609 1407 1672 quan·

290 1715 387 1780 quam
409 1711 492 1762 nunc
516 1698 633 1763 iniuria
656 1695 965 1781 transponendorum
988 1717 1140 1763 versuum
1164 1695 1306 1764 remedio
1330 1717 1414 1761 eum·

198 1801 201 1806 ’
289 1817 382 1869 usum
401 1786 478 1870 'esse
501 1804 616 1870 meritc
640 1804 803 1869 contendit
826 1803 986 1869 Lucienus
1010 1803 1182 1868 Muellerus
1206 1803 1225 1866 l.
1242 1803 1261 1865 l.
1283 1807 1404 1898 pxiiii}

290 1910 366 1992 quia
381 1911 427 1975 sic
442 1910 634 1976 narrationis
651 1910 817 1976 consilium
834 1911 939 1993 magis
962 1910 1060 1976 etiam
1082 1910 1236 1982 turbatur.
1282 1907 1343 1976 sed
1357 1917 1403 1973 ta-

289 2034 363 2082 men
380 2036 441 2099 ego
456 2039 508 2083 vv.
526 2022 566 2083 65
583 2037 647 2100 sq.:

423 2145 425 2150 ·
460 2131 583 2188 vidimus
598 2135 627 2185 et
638 2128 767 2201 ffotrem
782 2131 885 2188 sellum
899 2128 1208 2202 qemmasscmroum
1217 2143 1231 2205 3-

283 2279 285 2286 .
391 2251 398 2262 ’
461 2250 465 2260 ·
514 2237 620 2294 cauni
633 2249 689 2309 orco
702 2237 805 2308 fuctus
820 2241 957 2312 conpore,
972 2231 1062 2310 rapto
1077 2251 1171 2312 soror,

288 2334 343 2417 qui
359 2353 442 2399 nunc
457 2335 630 2400 liberorum
654 2335 928 2402 enumerationem
951 2336 1196 2420 interrumpunt,
1220 2343 1292 2421 post
1315 2355 1344 2401 v.
1360 2341 1402 2400 60

287 2440 487 2525 inseruerim,
511 2441 587 2522 quia
603 2442 696 2508 aliter·
710 2461 752 2507 ne
777 2453 916 2507 ettamen
940 2441 1070 2525 quidem
1094 2441 1174 2508 illud
1197 2463 1227 2507 v.
1250 2447 1292 2506 60
1317 2448 1403 2511 recto

260 2601 262 2606 .
288 2547 353 2612 talo
367 2553 441 2614 stat.
486 2545 631 2631 itemque
644 2570 695 2615 vv.
713 2553 754 2616 97
772 2569 834 2631 sq.:

274 2659 280 2670 '
331 2685 334 2692 ·
439 2665 469 2718 e!
482 2659 674 2748 bertricurt:
689 2677 839 2735 nunquam
854 2666 949 2720 amtor
963 2661 1101 2735 aquina
1116 2662 1245 2735 rampo:
1278 2687 1282 2696 »

550 2769 628 2826 uenit
639 2769 672 2854 in
687 2768 829 2840 exequias
844 2772 906 2828 tota
920 2773 1041 2826 caterno
1056 2783 1145 2844 meos,
1191 2745 1195 2754 ’

287 2867 319 2930 in
336 2868 452 2949 quibus
468 2887 551 2932 nunc
575 2881 603 2931 et
625 2873 696 2932 heac
718 2872 807 2934 tutet
830 2867 934 2934 verba
953 2887 1051 2934 seusu
1074 2865 1193 2951 carent,
1218 2869 1344 2952 postu.
1360 2871 1402 2932 62

287 2974 523 3056 revocaverim
560 2995 621 3056 quo
653 2974 724 3044 cum
755 2974 825 3040 loco
849 2975 901 3041 vel
929 2974 1089 3040 sententia
1118 2961 1191 3058 ipsa
1221 2973 1402 3040 cohaerent.

287 3099 391 3163 neque
406 3079 442 3145 in
453 3079 511 3148 has
528 3078 1122 3166 Peerlkampitranspositionescadit
1139 3078 1224 3162 quod
1240 3080 1403 3164 vituperat

285 3187 470 3253 Muellerus.
515 3192 687 3270 practerea
713 3188 746 3252 i'n
775 3187 865 3252 initio
889 3185 1093 3256 seutentiam
1107 3207 1204 3270 quam
1228 3184 1405 3270 explicavit

287 3315 338 3360 vv.
359 3297 479 3356 1-10
496 3292 682 3376 Propertius
699 3292 903 3376 paucioribus
920 3292 1067 3360 versibus
1082 3281 1192 3374 eisque
1208 3293 1302 3362 aliter
1318 3289 1401 3356 ordi-

287 3399 370 3464 natis
387 3399 525 3464 sortasse
549 3399 731 3482 prolaturus
747 3403 832 3464 erat.
878 3418 1016 3469 necnon
1032 3399 1065 3463 in
1080 3400 1225 3465 oratione
1242 3395 1402 3480 quaedam

288 3522 371 3588 quae
393 3503 523 3571 duriora
554 3525 637 3569 nunc
661 3511 734 3571 sunt
757 3505 987 3588 explanaturus
1011 3512 1043 3572 et
1065 3506 1221 3571 leniturus
1245 3511 1324 3569 etat.
1369 3503 1402 3566 iu

288 3610 404 3676 ceteris
420 3617 528 3676 tamen
544 3617 673 3694 praeter
696 3611 900 3688 undecimum
925 3613 1118 3679 carminibus
1142 3612 1197 3676 ubi
1223 3610 1299 3692 quid
1323 3629 1401 3684 sano

286 3716 405 3781 iudicio
423 3716 791 3802 displiceat,·uon·video
808 3737 938 3784 causam
956 3739 1011 3783 our
1027 3716 1241 3802 superstitiosi
1258 3715 1400 3783 codicum

288 3823 510 3888 auctoritatem
528 3825 635 3907 magis
649 3845 745 3906 quarn
762 3825 841 3888 alibi
859 3844 1057 3889 veneremur.
1367 3841 1369 3848 ·
