3192 5154
784 375 802 436 S

234 553 375 634 possunt.
414 547 574 613 immerito
591 548 677 612 enim
695 549 833 614 Antonio
849 549 967 616 Volseo
984 553 1058 616 olim
1076 553 1183 619 dicere
1198 553 1286 621 visus
1303 563 1351 620 est

234 655 430 721 Vertumnus
446 656 580 720 sePana
597 655 716 720 fautum
732 675 810 721 oves
827 662 1040 741 pastoresque
1056 660 1139 725 tueri
1155 681 1259 746 posse,
1276 662 1351 744 quia

234 761 275 828 de
297 762 347 828 dis
363 783 414 828 rv.
431 765 469 826 31
489 800 532 808 -
550 766 591 826 34
615 763 738 826 loeutus
761 762 826 825 iam
847 762 890 827 ad
913 763 1068 831 homines·
1089 765 1192 831 rediit
1245 788 1351 850 neque

233 877 343 935 tamen
359 869 393 932 id
407 867 550 950 neglexit
566 868 621 932 ille
634 867 720 950 quod
736 889 846 934 cerere
861 877 985 950 aliquem
1002 871 1090 936 aliud
1104 893 1169 936 non
1185 881 1235 938 est
1251 894 1348 956 quam

233 981 308 1040 tueri
323 981 484 1054 defendere
507 979 730 1058 adunaretur-m
756 974 810 1040 eir.
826 975 896 1042 Liv.
912 977 969 1061 ΙΙΙ,
993 981 1012 1041 2
1033 976 1101 1060 fin.;
1130 979 1281 1065 XXXVI,
1308 986 1348 1046 18

233 1083 310 1164 init3
340 1081 566 1165 biennem,
584 1087 640 1164 61,
661 1081 772 1146 Horat.
789 1082 882 1167 epist.
898 1083 922 1167 Ι,
936 1089 966 1161 4,
987 1089 1044 1165 153
1080 1085 1182 1149 Tacit.
1199 1106 1270 1150 ann
1295 1086 1350 1169 IV,

235 1194 287 1255 36.
326 1195 423 1271 atque
447 1189 598 1270 quoniam
621 1187 673 1253 bie
705 1194 755 1254 est
778 1195 926 1264 constans
956 1189 1050 1256 huius
1073 1189 1241 1257 loeutionis
1264 1213 1350 1276 usus,

234 1315 345 1360 eorum
366 1294 475 1380 opinio
500 1293 684 1379 spernenda
704 1301 753 1360 est
783 1295 837 1377 qui
868 1296 969 1360 nostri
988 1316 1102 1361 versus
1132 1297 1350 1380 integritatem

233 1401 454 1468 demonstrare
471 1407 625 1466 eonantur
649 1400 698 1467 his
715 1401 873 1486 exemplis
889 1409 1174 1483 reserem-implere
1182 1409 1349 1484 parumper
1389 1483 1392 1486 Ι

227 1519 390 1590 proestare
407 1516 553 1574 eoemlem
569 1529 661 1589 opere
683 1514 785 1572 darem
809 1513 947 1573 exhibere
968 1509 1035 1588 (eir.
1055 1509 1286 1594 Hertzbergius
1307 1509 1349 1574 ad

232 1617 261 1681 h.
278 1625 328 1691 e).
375 1615 489 1699 quibus
506 1615 615 1680 allatis
631 1614 842 1680 Vertumnum
858 1615 1082 1700 pronuntiasse
1103 1615 1298 1682 contendunt
1314 1635 1350 1683 se

233 1728 399 1808 pastorem
416 1742 516 1805 agere
532 1741 637 1807 posse.
683 1721 774 1804 atqui
789 1720 871 1786 haee
889 1721 976 1787 notio
1000 1721 1148 1788 dietionis
1171 1743 1280 1786 errrore
1295 1729 1349 1786 eti·

234 1851 318 1911 qoem
333 1829 445 1912 altera,
461 1826 503 1893 de
519 1847 583 1911 qna
605 1826 700 1892 modo
716 1826 812 1892 loeuti
836 1848 955 1912 sumus,
978 1833 1065 1893 tanto
1091 1834 1139 1893 est
1159 1827 1349 1912 inusitatior,

233 1943 268 2000 ut
285 1935 353 2001 eius
369 1955 410 2000 ne
426 1937 562 2000 alterum
579 1933 709 2017 quidem
726 1933 910 2019 exemplum
926 1933 1043 1999 afferre
1059 1934 1200 2019 possint:
1235 1955 1299 2017 qua
1314 1954 1349 1998 re

234 2041 422 2127 Propertius
438 2041 466 2106 si
481 2048 591 2106 tamen
613 2040 696 2132 bane
712 2040 742 2105 ei
757 2040 890 2106 subesse
906 2039 1071 2123 voluisset,
1092 2059 1238 2104 summae
1254 2046 1349 2120 ⁴uerte

234 2148 436 2214 obscuritatis
458 2148 635 2238 perieulum
652 2146 813 2212 subiisset.
858 2147 969 2228 itaque
985 2159 1057 2210 eum
1081 2146 1264 2211 eonieetura
1280 2145 1349 2210 loeo

234 2253 364 2320 medela
383 2253 553 2318 afferenda
577 2253 627 2337 sit,
659 2259 768 2317 tamen
790 2251 876 2336 quod
900 2251 1121 2318 Broukhusius
1146 2250 1349 2318 scribendum

234 2381 305 2427 esse
338 2360 472 2426 eonieeit
504 2371 658 2439 pastorem
690 2381 812 2440 porram
850 2381 978 2424 carvere
1010 2359 1127 2424 omisso
1159 2381 1205 2423 me
1235 2379 1349 2444 prono·

233 2468 319 2532 mine
357 2468 389 2530 in
428 2467 525 2531 aliam
561 2489 694 2552 prorsus
728 2473 855 2552 partem
892 2472 989 2549 atque
1026 2465 1097 2550 ipse
1136 2466 1238 2532 voluit
1268 2467 1349 2532 aoei-

233 2575 348 2659 pietur.
393 2593 498 2657 neque
518 2595 539 2638 a
560 2574 728 2658 Propertio
749 2572 929 2659 profestum
954 2592 1027 2638 esse
1044 2580 1150 2658 potest
1166 2573 1251 2657 qnod
1267 2574 1347 2658 Ayr-

233 2701 369 2746 mannus
386 2692 495 2761 postor
521 2703 566 2746 me
596 2688 640 2746 ed
660 2686 795 2745 baculam
811 2702 934 2760 possam
956 2701 1083 2745 eernere
1116 2686 1172 2746 aut
1199 2680 1350 2745 Heinsius

228 2794 347 2870 pastori
377 2795 421 2852 ed
446 2792 580 2851 berebet
605 2809 726 2868 possum
756 2796 873 2851 certare
902 2786 1076 2868 legendum
1107 2791 1350 2871 proposuerunt.

233 2901 368 2976 uterque
392 2893 476 2958 enim
494 2892 724 2978 synaloepham
747 2893 852 2958 minus
876 2892 1059 2974 elegantem
1083 2892 1230 2957 admittit.
1267 2892 1349 2976 Ayr-

232 3021 369 3065 mannus
385 3006 557 3084 praeterea
571 3019 634 3064 non
643 2999 872 3064 animadvertit
885 3005 1048 3084 pastorem
1064 3019 1126 3063 non
1143 2998 1186 3064 ad
1202 2999 1350 3064 baoulum

233 3127 268 3174 se
285 3127 429 3190 curvare,
453 3105 511 3172 sed
527 3107 640 3171 baeulo
664 3106 772 3188 inniti3
801 3104 856 3170 eir.
881 3103 974 3170 Ovid.
999 3125 1039 3170 ex
1062 3106 1163 3172 Ponto
1187 3108 1211 3190 1,
1234 3111 1263 3190 8,
1285 3110 1344 3187 523

232 3214 312 3279 trist.
328 3213 383 3297 IV,
402 3219 428 3297 1,
448 3219 496 3277 11.
544 3234 648 3296 neque
670 3212 895 3278 Laehmannus
912 3211 1240 3294 significantissimum
1256 3218 1291 3275 ut
1305 3212 1350 3275 ita

234 3320 339 3386 dicam
356 3319 463 3385 baeuli
479 3318 566 3404 apud
582 3327 730 3404 pastores
747 3341 839 3384 nsum
849 3317 1150 3384 animuinformavit
1165 3316 1349 3402 reponendo

230 3437 335 3508 postor
350 3448 403 3506 epo
419 3436 447 3490 et
463 3430 597 3490 barulum
606 3448 728 3506 possem
742 3431 964 3503 neele-ferre.
1010 3430 1135 3490 oeteras
1152 3430 1260 3489 autem
1277 3443 1349 3489 eon·

232 3534 371 3599 ieeturas
392 3533 630 3619 praetermitto,
654 3534 731 3617 quia
760 3532 865 3596 minus
896 3531 992 3595 etiam
1021 3533 1074 3596 vel
1097 3532 1253 3597 sermonis
1277 3550 1348 3596 oon-

233 3639 394 3706 suetudini
415 3640 468 3706 vel
483 3640 545 3706 loni
568 3641 748 3706 sententiae
768 3637 976 3705 satisfaciunt.
1008 3643 1041 3702 at
1060 3637 1205 3723 profeeto
1229 3635 1348 3701 imitari

233 3766 269 3812 se
286 3766 382 3831 posse
398 3753 561 3831 pastorem
577 3747 773 3812 Vertumnus
794 3745 981 3829 simpliciter
997 3743 1161 3829 professus
1179 3749 1242 3810 est:
1265 3740 1349 3824 quod

234 3859 266 3917 et
282 3858 389 3917 eetera
412 3852 506 3920 huius
528 3852 722 3919 narrationis
747 3851 899 3935 exempla
921 3849 1060 3934 probant
1076 3854 1108 3913 et
1131 3849 1161 3913 ei
1181 3853 1349 3914 senserunt

232 3959 426 4044 interpretes
442 3960 498 4042 qui
513 3959 596 4024 hane
612 3957 745 4024 eurandi
761 3957 859 4022 verbo
883 3954 1046 4020 notionem
1068 3975 1241 4040 perperam
1258 3955 1348 4019 attri-

233 4065 379 4131 buerunt.
424 4066 507 4131 hane
530 4071 637 4130 autem
660 4062 851 4130 sententiam
873 4080 1100 4145 recuperamus
1116 4061 1240 4146 probis
1256 4059 1349 4125 POS-

235 4171 324 4236 SUM
348 4171 520 4236 CURARE
544 4169 713 4235 seribendo
736 4170 817 4235 haee
840 4167 1009 4234 POSSUM
1031 4166 1258 4233 SIMULARE.
1304 4168 1350 4231 ita

235 4278 321 4342 enim
337 4276 510 4344 simulandi
526 4277 626 4342 verbo
642 4282 772 4342 utuntur
788 4277 932 4363 Propert
941 4275 979 4361 V,
991 4281 1040 4359 11,
1050 4278 1110 4359 393
1129 4275 1239 4340 Horat.
1256 4274 1348 4359 epist.
