3224 5154
780 335 820 396 85

244 515 331 576 amet
347 514 421 595 post
438 528 466 572 a
484 513 547 574 726
565 506 740 591 (28),·1ιοοο
756 507 944 592 periegesin
959 507 1142 573 incohatam
1159 527 1232 574 esse
1248 529 1269 573 a
1284 507 1361 574 Pro-

244 615 347 704 pertio
363 613 627 698 Eschenburgius
643 616 663 679 l.
679 616 699 679 1.
716 637 770 700 pp.
786 618 827 680 97
854 634 900 697 sq.
915 611 1016 680 firmis
1036 615 1238 698 argumentis
1252 621 1361 700 negat

243 725 355 807 itaque
372 723 444 820 ipse
461 743 592 806 prorsus
609 741 747 788 excussa
763 720 902 806 Cynthia
918 723 1020 787 a732
1038 725 1105 800 (22)
1121 722 1202 788 haec
1218 723 1362 790 carmina

244 831 341 897 scribi
373 836 489 914 coepta
520 848 592 894 esse
623 827 793 894 contendit.
839 849 935 911 quam
966 830 1158 896 sententiam
1189 832 1224 896 ut
1253 831 1361 916 ferret,
1425 911 1430 926 .

244 937 401 1004 adductus
425 943 475 1002 est
498 936 595 1002 ctiam
618 936 761 1002 metricis
784 936 818 1000 in
841 935 888 1003 eis
911 935 1084 1020 elegantiis
1106 957 1187 1020 quas
1203 939 1360 1023 explicari

243 1064 307 1111 non
327 1063 423 1129 posse
448 1049 565 1128 censet,
587 1043 651 1109 nisi
674 1042 819 1109 conlecta
842 1043 906 1110 sint
929 1050 1003 1128 post
1027 1050 1151 1111 ceteros
1174 1043 1282 1130 libros,
1306 1044 1361 1128 qui

128 1193 132 1198 ι
245 1150 377 1246 quidem
392 1151 453 1216 hac
475 1170 511 1216 re
535 1150 640 1216 minus
660 1155 835 1236 praestent.
879 1169 1063 1234 quanquam
1079 1149 1194 1215 harum
1210 1152 1361 1218 observa·
1448 1200 1450 1206 ¹

244 1259 366 1325 tionum
389 1257 540 1342 exiguum
564 1256 690 1343 pondus
714 1277 786 1324 esse
808 1257 962 1324 concedet
984 1264 1117 1343 propter
1136 1265 1261 1324 tantum
1276 1259 1360 1326 inter

245 1385 356 1433 eorum
379 1385 540 1450 versuum,
563 1385 643 1448 quos
665 1365 748 1430 inter·
779 1384 814 1430 sc
843 1365 983 1449 contulit,
1005 1385 1155 1432 numeros
1179 1365 1360 1432 discrimen.

243 1472 302 1539 scd
325 1471 559 1556 Eschenburgii
581 1472 741 1538 rationem
771 1492 839 1556 nos,
868 1471 902 1536 ni
925 1470 1028 1556 fallor,
1060 1477 1092 1538 ct
1115 1471 1303 1539 confirmare
1329 1482 1360 1540 ct

243 1579 425 1647 accuratius
441 1578 540 1645 etiam
555 1579 602 1645 ita
617 1578 750 1645 definire
766 1600 946 1665 possumus,
961 1585 996 1644 ut
1011 1600 1074 1662 quo
1091 1578 1159 1645 lere
1175 1585 1285 1666 posta.
1296 1584 1359 1647 732

243 1693 322 1770 (22.)
331 1706 416 1753 anno
431 1687 512 1753 hacc
528 1687 672 1753 carmina
687 1686 867 1773 composita
882 1686 945 1753 sint
960 1692 1126 1772 appareat.
1156 1686 1254 1770 idque
1270 1707 1359 1754 asse·

244 1796 371 1877 quimur
386 1793 511 1859 duobus
526 1794 734 1876 argumentis.
766 1813 901 1876 quorum
916 1793 1006 1879 prius
1022 1792 1098 1858 inde
1114 1791 1286 1860 deductum
1302 1800 1359 1878 est,

246 1899 332 1984 quod
348 1920 388 1968 ca
411 1919 496 1984 quae
518 1899 674 1966 habemus
698 1901 841 1966 carmina
864 1900 1002 1967 frustula
1016 1905 1139 1965 tantum
1163 1906 1236 1966 sunt
1251 1900 1359 1984 operis

243 2027 307 2074 non
322 2007 465 2094 perlecti.
511 2007 595 2091 quod
620 2013 727 2073 tamen
751 2029 822 2074 cum
845 2013 918 2093 post
938 2005 1097 2093 Cynthiae
1122 2007 1358 2072 abdicationem

243 2116 427 2182 incohatum
443 2134 515 2182 esse
525 2121 657 2199 constet,
673 2134 713 2182 ne
730 2115 914 2181 absolveret
931 2114 1000 2180 eius
1013 2133 1123 2179 amore
1138 2133 1202 2180 non
1218 2113 1358 2180 abstine·

243 2223 337 2287 batur
353 2228 459 2307 poeta.
503 2223 613 2305 itaque
634 2242 705 2287 oum
720 2241 762 2287 ne
779 2222 876 2287 aliam
894 2219 1024 2305 quidem
1041 2217 1211 2288 cunctandi
1228 2241 1358 2287 oausam

242 2329 454 2411 inveniamus,
475 2327 552 2410 quid
567 2327 697 2392 tandem
713 2329 783 2394 veri
799 2329 935 2395 similius
960 2335 1018 2414 est,
1041 2350 1138 2413 quam
1154 2328 1358 2412 Propertium

242 2440 344 2501 morte
366 2432 556 2519 impeditum
573 2453 655 2518 esse,
679 2434 849 2515 quominus
869 2433 949 2498 illud
964 2455 1028 2500 non
1042 2436 1089 2501 ita
1104 2436 1204 2502 multo
1221 2441 1296 2501 ante
1311 2436 1357 2499 in-

242 2541 390 2608 cohatum
407 2537 559 2608 adfinem
580 2538 797 2625 perduceret?
843 2560 920 2624 ergo
943 2538 1030 2606 haud
1053 2542 1100 2608 ita
1123 2543 1222 2608 multo
1239 2548 1312 2607 ante
1329 2561 1357 2606 a.

243 2655 306 2716 740
331 2653 398 2729 (14)
421 2647 502 2714 1οοο
526 2647 734 2732 periegeseos
757 2645 940 2730 fragmenta
963 2648 1086 2733 scripta
1106 2668 1178 2714 esse
1200 2648 1357 2716 videntur.

242 2763 339 2841 atque
361 2755 443 2822 baec
462 2754 596 2838 quidem
617 2755 813 2840 computatio
832 2754 1044 2821 illustrabitur
1068 2755 1164 2821 etiam
1189 2756 1290 2822 altero
1307 2777 1357 2821 ar-

240 2868 402 2948 gumento.
433 2861 467 2927 id
483 2868 589 2927 autem
607 2867 642 2926 ut
657 2881 899 2947 persequamur,
915 2881 978 2944 age
993 2881 1077 2926 nuno
1093 2867 1296 2929 transcamus
1312 2861 1356 2928 ad

242 2989 354 3036 carm.
368 2969 406 3054 V,
423 2973 452 3034 6.
483 2966 569 3051 quod
585 2967 840 3052 Hertnbergiusl
860 2989 890 3052 p.
899 2971 962 3034 228
973 2987 1001 3032 a.
1012 2971 1074 3034 738
1086 2973 1153 3049 (16)
1163 2969 1357 3053 adsignavit,

241 3081 388 3162 spectare
403 3073 484 3139 illud
499 3080 589 3140 ratus
606 3073 647 3139 ad
663 3074 756 3141 ludos
774 3073 1027 3159 quinquennales
1043 3080 1176 3160 propter
1191 3074 1356 3141 Actiacam

241 3183 408 3248 victoriam
424 3182 572 3248 illoanno
588 3182 783 3265 celebratos3
806 3181 985 3265 eodemque
1001 3189 1148 3266 tempore
1162 3180 1357 3266 Sycambros

241 3289 384 3356 devictos
401 3309 474 3356 esse
484 3288 549 3369 (cir.
560 3310 588 3355 v,
601 3293 655 3371 77)
672 3289 804 3372 putavit.
835 3295 877 3374 at,
893 3296 929 3355 ut
944 3293 1027 3373 quae
1043 3288 1109 3353 alia
1124 3307 1223 3371 supra
1239 3287 1280 3353 dc
1296 3288 1357 3354 hae

241 3397 401 3462 sententia
416 3394 633 3462 animadverti
648 3417 732 3462 nunc
744 3398 1008 3483 praetermittam,
1029 3391 1198 3480 Sycambri
1214 3397 1356 3479 superati

241 3500 381 3567 nondum
399 3501 461 3567 dici
477 3508 633 3586 poteraut,
650 3503 678 3568 si
695 3522 732 3568 eo
746 3508 890 3586 tempore
907 3499 1231 3585 quodHertabergius
1247 3501 1358 3566 statuit

240 3609 300 3675 hoc
317 3627 447 3674 carmen
463 3609 616 3691 scriptum
640 3616 696 3674 est
746 3607 781 3673 id
804 3610 889 3674 enim
913 3615 1051 3694 apparet
1074 3608 1124 3675 his
1139 3606 1253 3674 Dionis
1276 3607 1356 3673 locis

238 3717 323 3782 luter
338 3735 374 3781 se
391 3715 595 3798 comparatis.
641 3715 669 3780 is
693 3716 713 3779 l.
737 3715 820 3800 LIV,
847 3720 886 3781 19
910 3715 991 3781 haec
1015 3716 1160 3802 scripsit:
1189 3717 1247 3777 καὶ
1268 3712 1356 3796 μετὰ

233 3829 347 3888 ,ταῦτα
363 3822 397 3896 ἐς
418 3821 477 3906 τὴν
495 3819 671 3885 Γαλατίαν
686 3825 833 3884 Λουκίου
856 3819 892 3884 τε
915 3827 1075 3903 Δομιτὶου
1099 3825 1157 3885 καὶ
1179 3820 1357 3885 Πουπλίου

240 3934 426 4002 Σκιπίωνος
456 3924 692 3992 ὑπατευόντων
718 3929 750 4009 (l.
774 3949 800 3994 e,
824 3949 853 3994 a.
876 3935 1057 4011 738=1o)
1091 3925 1220 4013 ὥρμησε
1244 3924 1275 4010 (ὃ
1294 3923 1355 3990 ’lto-
1453 3930 1457 3938 '

240 4044 386 4115 γονστος)
398 4033 574 4121 πρόφασιν
588 4034 665 4108 τοὺς
680 4034 848 4116 πολέμους
862 4035 940 4110 τοὺς
955 4031 1026 4098 κατ’
1035 4037 1142 4098 ἐκεῖνο
1156 4039 1356 4118 κτνηθέντας

240 4139 363 4219 λαβών.
408 4148 476 4206 tum
492 4144 666 4208 nonnullis
682 4143 857 4210 interiectis
873 4143 915 4208 ad
932 4143 1069 4210 eandem
1085 4163 1153 4209 rem
1169 4163 1320 4210 reversus
1335 4144 1355 4208 l.

241 4245 322 4330 LIV,
346 4251 387 4311 20
410 4245 605 4332 Sycambros
628 4258 739 4316 narrat
762 4271 834 4318 cum
850 4251 996 4335 Usipetis
1020 4256 1052 4316 ct
1068 4250 1255 4316 Tenchteris
1271 4249 1354 4314 Rhe-
