3224 5154
777 338 818 400 87

238 512 507 582 auctoremevita
522 511 711 578 discessisse
728 511 887 596 probaret
917 531 1024 594 neque
1039 518 1147 577 tamen
1157 511 1355 580 hoooarmen

239 621 414 706 adsignare
429 619 541 685 liceret
556 640 584 684 a
602 622 665 683 742
683 623 760 703 (12),
784 639 846 702 quo
867 617 998 700 quidem
1014 619 1114 684 etiam
1130 618 1196 684 ludi
1213 620 1262 684 illi
1278 620 1355 688 facti

239 734 329 796 sunt:
351 726 406 794 eir.
422 726 640 792 Mommscnus
655 725 689 790 in
703 725 770 792 reb.
778 731 858 809 gest.
872 724 939 792 divi
947 725 1194 810 Augusti'pp.25
1204 749 1251 811 sq.
1280 749 1355 794 nam

240 835 353 902 eodem
380 853 463 898 anno
488 832 659 918 Sycambri
690 832 904 898 rebellarunt:
938 831 993 898 cfr.
1016 832 1079 897 Dio
1102 833 1122 896 l.
1145 833 1229 920 LIV,
1256 838 1298 900 32
1324 841 1355 902 11

239 941 456 1008 Mommsenus
479 941 498 1004 l.
514 939 534 1005 l.
550 961 580 1024 p.
597 943 648 1006 92.
694 959 774 1022 quos
798 958 871 1004 cum
894 937 1024 1006 demum
1048 959 1076 1003 a.
1102 945 1165 1007 746
1190 945 1235 1021 (8)
1252 942 1354 1008 victos

239 1069 312 1116 esse
334 1049 397 1114 Dic
422 1048 441 1112 l.
465 1047 531 1132 LV,
554 1053 573 1113 6
598 1051 740 1131 testetur,
763 1045 942 1130 posthunc
965 1067 1084 1112 anuum
1104 1046 1354 1131 regrediendum

240 1160 333 1220 esset.
377 1160 412 1218 11
426 1154 511 1220 inter
525 1175 552 1220 a
571 1157 634 1220 738
652 1157 719 1233 (16)
737 1158 770 1219 11
784 1173 814 1218 1.
832 1158 895 1220 746
918 1157 964 1234 (8)
985 1174 1061 1219 num
1084 1153 1163 1218 nihil
1186 1154 1354 1238 scripsisse

239 1266 367 1345 poetam
383 1259 519 1348 credes?
549 1261 640 1328 nulla
654 1259 740 1326 enim
757 1280 799 1326 ex
814 1260 865 1328 his
881 1261 974 1326 annis
989 1261 1133 1326 carmina
1148 1259 1354 1343 1111111111).

239 1387 323 1452 quae
340 1388 412 1434 cum
428 1368 474 1433 ita
496 1367 569 1452 sint,
588 1373 719 1453 propter
735 1365 930 1452 Sycambros
947 1366 1100 1452 devictae,
1116 1388 1251 1450 quorum
1266 1388 1354 1434 men-

238 1475 325 1542 tione
348 1481 471 1542 certum
493 1474 648 1558 temporis
671 1474 801 1557 signum
832 1474 1019 1558 continetur,
1049 1481 1193 1540 nestrum
1223 1495 1355 1540 carmen

237 1581 367 1648 ineunte
383 1579 452 1647 fere
467 1601 495 1646 a.
513 1585 576 1646 739
598 1586 666 1661 (15)
683 1586 756 1665 post
777 1579 871 1646 ludos
895 1581 1151 1664 quinquennales
1176 1581 1354 1650 celebratos

238 1688 400 1756 eonditum
417 1707 489 1756 esse
505 1687 642 1755 videtin.
674 1708 739 1770 qua
753 1687 878 1754 ratione
894 1688 1031 1773 probata
1038 1687 1198 1772 Apollinis
1214 1688 1355 1754 Palatini

238 1797 309 1860 laus
325 1794 537 1878 eiusdemque
552 1794 667 1880 templi
690 1795 810 1861 mentio
834 1795 905 1860 sine
925 1794 1010 1860 iusto
1026 1794 1160 1862 consilio
1175 1795 1268 1860 illata
1283 1800 1354 1862 cst:

238 1900 351 1966 harum
368 1901 455 1966 enim
470 1921 577 1967 rerum
594 1907 682 1967 certa
702 1901 862 1984 quaedem
884 1900 1087 1968 necessitudo
1111 1921 1183 1968 cum
1206 1900 1354 1967 ludorum

238 2013 361 2074 tantum
377 2007 637 2094 pronuntiatione
654 2015 712 2075 est
757 2029 835 2092 ergo
855 2013 985 2094 praeter
1001 2015 1126 2075 ceteras
1142 2027 1257 2076 causas
1274 2027 1354 2092 quas

236 2135 335 2202 supra
350 2116 559 2202 exposuimus
583 2115 681 2183 etiam
697 2121 827 2201 propter
842 2114 925 2182 hanc
941 2113 1163 2182 difficultatem
1187 2137 1238 2182 vr.
1265 2122 1351 2182 11-

238 2220 332 2287 6811
341 2223 529 2308 periegesin
538 2222 712 2289 revocandi
728 2230 817 2306 sunt,
839 2224 956 2291 ceteris
967 2228 1076 2290 autem
1084 2221 1250 2307 profitetur
1257 2228 1355 2306 poeta

236 2327 365 2393 omissis
380 2328 473 2395 bellis
489 2328 643 2394 hilariora
658 2336 850 2412 argumenta
874 2351 909 2397 se
935 2351 1008 2398 esse
1025 2335 1243 2396 tractaturum.
1287 2329 1353 2396 iam

237 2453 315 2501 vero
338 2433 506 2517 utriusque
531 2435 684 2500 carminis
704 2442 831 2519 tempus
857 2435 953 2503 facile
977 2435 1102 2504 definiri
1126 2443 1249 2524 potest:
1277 2456 1353 2502 nam

236 2561 354 2608 carm.
378 2541 417 2626 V,
445 2546 487 2606 61
510 2539 680 2627 Sycambri
705 2540 825 2608 devicti
856 2547 1065 2627 11111738
1090 2549 1158 2625 (16)
1183 2550 1353 2611 exeuntem

236 2637 397 2715 reuocant
442 2654 540 2732 atque
564 2668 679 2715 carm.
695 2650 734 2735 V,
758 2649 800 2715 6b
815 2650 869 2716 vel
884 2649 1046 2735 Apollinis
1069 2653 1188 2736 templo
1204 2652 1354 2718 Palatino

235 2777 266 2821 v.
285 2762 321 2821 ll
341 2761 599 2841 commemorato,
622 2762 658 2822 ut
670 2762 781 2824 cetera
796 2754 944 2822 eiusdem
960 2757 1089 2840 generis
1105 2761 1257 2842 carmina,
1281 2764 1354 2845 post

235 2883 264 2928 a.
282 2867 345 2928 726
363 2867 430 2943 (28)
447 2863 601 2949 scriptum
618 2883 690 2932 esse
707 2863 952 2930 demonstratur.
989 2863 1055 2928 iam
1071 2884 1147 2931 vero
1165 2867 1264 2931 ctiam
1279 2873 1353 2952 post

235 2989 264 3034 a.
281 2973 345 3035 732
362 2973 430 3049 (22)
453 2969 535 3036 1111
558 2971 702 3036 earmina
724 2969 919 3036 retrahenda
942 2989 1014 3037 esse
1037 2970 1111 3037 11111
1135 2971 1233 3038 etiam
1257 2993 1352 3057 argu·

234 3077 352 3144 mentis
368 3075 522 3142 adhibitis
545 3098 645 3163 supra
668 3077 845 3144 docuimus.
890 3097 983 3162 nunc,
1005 3083 1041 3142 ut
1062 3077 1193 3144 tandem
1216 3081 1353 3146 alterum

235 3183 322 3268 quod
344 3183 553 3270 promisimus
584 3192 810 3269 argumentum
842 3181 1162 3271 comprehendamus,
1189 3184 1275 3250 haud
1305 3188 1353 3253 ita

234 3292 333 3358 multo
350 3297 425 3357 ante
440 3299 558 3377 poetae
574 3298 719 3377 mortem,
734 3312 819 3376 quae
834 3292 903 3359 fere
919 3292 953 3358 in
968 3312 997 3358 a.
1007 3296 1071 3358 746
1088 3296 1155 3371 (14)
1173 3291 1296 3377 incidit,
1312 3314 1353 3360 ea

235 3395 365 3466 condita
390 3419 463 3466 esse
485 3398 547 3466 hac
563 3419 690 3483 quoque
706 3419 743 3466 re
758 3398 972 3466 confirmatur.
1010 3419 1150 3482 namque
1166 3417 1295 3464 carmen
1311 3398 1352 3465 dc

234 3502 329 3570 bellis
352 3505 395 3570 ab*
409 3505 555 3590 Augusto
578 3507 681 3590 gestis
704 3507 832 3592 epicum
856 3506 924 3572 lere
948 3527 976 3572 e.
994 3509 1056 3572 732
1079 3508 1147 3584 (22)
1168 3502 1352 3572 incohatum

235 3667 447 3676 ——na

306 3738 333 3802 ³)
346 3736 443 3804 Neque
456 3749 524 3790 vero
538 3733 717 3791 Heimreichii
738 3735 836 3804 opinio
849 3735 1006 3804 probabilis
1019 3740 1071 3804 est,
1091 3733 1140 3805 qui
1157 3735 1187 3788 in
1205 3734 1295 3805 symb.
1305 3734 1353 3804 ph.

233 3828 265 3882 B.
283 3843 311 3895 p.
332 3827 384 3880 676
402 3830 520 3895 propter
539 3825 592 3880 Gai
611 3825 739 3880 (laeseris
758 3825 786 3880 in
806 3824 947 3882 Orientem
965 3825 1174 3896 expeditionem
1193 3840 1239 3878 vv.
1258 3827 1288 3878 81
1311 3839 1352 3894 sq.

234 3915 311 3984 tangi
324 3915 413 3970 visam
430 3919 499 3986 post
517 3929 541 3970 a.
562 3915 613 3968 753
634 3917 674 3982 (1)
694 3913 747 3968 hcc
765 3929 876 3968 carmen
895 3915 1029 3984 seriptum
1048 3931 1111 3970 esse
1130 3914 1184 3969 sibi
1202 3913 1352 3983 persuasit.

235 4019 297 4056 nam
309 4022 371 4060 eum
384 3987 437 4058 Gai
450 4003 578 4059 Caesaris
590 4003 681 4072 ipsius
694 4003 799 4059 mentio
819 4003 896 4057 nulla
915 4003 1010 4058 habita
1029 4004 1074 4071 sit,
1094 4004 1178 4058 talem
1197 4004 1307 4072 qualem
1323 4001 1352 4057 hi

235 4107 333 4145 versus
346 4093 490 4148 continent
508 4081 674 4148 sententiam
687 4092 770 4147 etiam
788 4097 871 4146 antea
884 4091 1009 4160 proferre
1022 4092 1109 4161 licuit,
1129 4093 1154 4147 11
1166 4092 1278 4162 quidem
1291 4090 1350 4145 Au-

233 4183 318 4247 gusto
330 4179 411 4234 liberi
423 4171 566 4238 vivebant.
604 4181 691 4238 Gaius
710 4186 804 4237 antem
822 4185 1082 4247 1.734(2ο)11111
1103 4181 1205 4236 dicitur
1223 4195 1240 4235 1
1258 4180 1351 4234 Dione

235 4267 339 4337 cmv,
352 4272 377 4322 1.
