3224 5154
816 373 858 438 00

532 569 596 613 arm
608 557 696 627 ficret
709 557 809 614 661116
825 553 927 613 toties
942 553 1052 614 11111111
1067 555 1149 626 lecto,

426 729 428 733 ,
568 665 676 720 6161616
691 663 769 722 colat
783 666 884 720 castro
898 677 1013 720 movere
1028 665 1093 721 toro

282 761 323 828 de
339 783 374 828 se
391 763 463 848 ipse
487 783 549 828 non
570 762 762 849 scripsisset.
789 781 913 844 neque
938 782 959 826 a
982 761 1121 848 Cynthia
1145 763 1179 828 in
1195 763 1398 849 peccatode·

281 868 459 955 prehensus
482 876 570 936 tanto
598 875 685 936 metu
715 889 887 955 percussus
912 876 1007 955 essct,
1039 870 1167 954 qualem
1190 891 1240 935 11.
1266 875 1307 935 50
1330 891 1397 954 sqq.

282 975 443 1044 describit.
488 995 593 1060 neque
617 997 693 1042 vero
716 975 1100 1062 011111611115116111
1124 977 1322 1064 appellasset
1344 983 1399 1042 aut

283 1083 639 1150 1.4861111111111111
662 1103 683 1150 6
706 1084 855 1150 scortillis
878 1083 1015 1150 istisad
1030 1084 1168 1150 Lanuvii
1192 1090 1302 1167 portas
1323 1103 1397 1150 eva·
1499 1135 1501 1140 .

281 1196 392 1275 gatum
409 1189 759 1258 essecontessusesset.
792 1189 930 1274 denique
947 1209 987 1256 ne
996 1189 1135 1276 cynthia
1144 1190 1275 1276 quidem
1283 1196 1398 1276 poetae

281 1297 365 1362 irata
381 1301 475 1362 esset.
520 1297 630 1381 itaque
647 1301 703 1363 aut
723 1296 806 1362 inter
830 1316 859 1361 6.
877 1301 940 1362 724
957 1301 1024 1376 (20)
1041 1303 1074 1363 61
1090 1317 1117 1362 6.
1136 1301 1198 1363 726
1218 1281 1397 1378 (28)111611

282 1403 434 1471 61111161
449 1423 477 1470 a.
496 1407 557 1470 727
576 1408 643 1485 (27)
664 1402 761 1470 finem
785 1408 816 1468 et
839 1424 867 1468 6.
886 1407 948 1469 732
974 1407 1042 1484 (22)
1067 1403 1161 1470 finem
1184 1403 1265 1472 haec
1290 1403 1398 1490 elegia

281 1509 403 1598 scripta
412 1515 469 1578 611.
500 1515 604 1575 utrum
614 1516 722 1576 autem
733 1530 841 1576 eorum
858 1516 1038 1595 temporum
1055 1511 1195 1596 spatium
1212 1509 1397 1598 praeferen-

282 1617 357 1681 dum
374 1616 416 1683 sit
439 1615 580 1682 ostendit
590 1616 819 1700 :Esquiliarum
844 1635 864 1680 6
887 1617 1075 1684 Maecenate
1099 1618 1255 1684 cultarum
1278 1617 1397 1684 mentio

281 1724 367 1790 tacta
382 1744 433 1789 11.
454 1729 466 1788 1
487 1743 533 1806 sq.
564 1724 653 1807 atqrii
674 1723 757 1789 horti
774 1724 933 1807 Esquilini
952 1722 1159 1791 exaedificari
1176 1744 1197 1788 a
1212 1716 1399 1791 Maecenate

281 1830 388 1916 coepti
404 1837 478 1897 sunt
493 1836 567 1897 ante
584 1851 611 1894 6.
630 1835 691 1896 719
710 1835 787 1911 (35).
833 1830 893 1895 hcc
918 1831 1004 1911 enim
1026 1851 1110 1896 anno
1132 1830 1185 1896 161
1207 1830 1302 1913 paulo
1326 1834 1400 1917 post

280 1938 371 2024 prior
395 1957 578 2002 sermonum
602 1937 850 2012 Horatianorum
875 1936 965 2020 liber,
995 1937 1030 2001 in
1061 1958 1122 2019 quo
1145 1936 1217 2002 illos
1242 1940 1399 2001 memorat

281 2051 392 2111 auctor
407 2045 432 2130 I,
457 2049 485 2129 8,
514 2050 550 2108 14
574 2065 642 2128 sqq.
668 2043 773 2110 editus
791 2050 855 2110 est:
883 2043 936 2108 cfr.
953 2043 1114 2108 Frankius
1135 2043 1168 2108 in
1191 2042 1261 2108 fast.
1288 2043 1398 2107 Horat.

281 2173 334 2238 pp.
352 2157 389 2218 21
410 2171 496 2234 sqq.;
522 2155 581 2216 103
599 2170 669 2234 sqq.
707 2148 884 2236 perfectam
911 2148 1134 2223 autemfuisse
1150 2147 1312 2214 hortorum
1329 2148 1397 2214 illo·

280 2279 351 2324 rum
367 2256 611 2324 adornationem
628 2255 695 2320 fere
713 2275 741 2318 a.
760 2261 821 2322 723
840 2259 907 2336 (31)
925 2255 1018 2322 docet
1033 2256 1184 2324 Horatius
1200 2275 1294 2323 serm.
1310 2255 1353 2339 II,
1370 2259 1399 2339 6,

281 2370 322 2430 30
347 2385 431 2448 sqq:
467 2383 563 2448 quem
587 2362 692 2429 locum
719 2362 774 2427 illo
804 2382 887 2427 anno
919 2363 1075 2450 scriptum
1099 2383 1170 2429 esse
1201 2361 1399 2430 demonstrat

282 2471 444 2538 Frankius
461 2472 481 2534 l.
497 2471 517 2534 l.
534 2493 587 2556 pp.
608 2476 667 2535 119
690 2490 759 2553 sqq.
806 2490 881 2534 nam
903 2468 1068 2536 habitasse
1090 2469 1156 2534 iam
1179 2469 1399 2536 Maecenatem

280 2577 499 2662 Esquiliarum
523 2575 622 2643 aedes
647 2583 679 2642 et
701 2575 810 2643 hortos
834 2574 884 2641 his
900 2576 1047 2642 versibus
1064 2575 1224 2660 significat
1239 2559 1399 2643 Horatius.

280 2689 425 2751 nostram
440 2685 539 2768 igitur
555 2684 695 2768 elegiam
711 2703 816 2768 neque
833 2690 907 2748 ante
924 2703 952 2746 6.
964 2685 1025 2748 723
1041 2687 1115 2767 (31),
1132 2683 1283 2765 quoniam
1299 2702 1399 2748 novos

280 2812 377 2885 agros
394 2792 435 2857 ab
451 2791 613 2856 hominurn
631 2791 725 2858 turba
741 2795 912 2876 occupatos
929 2789 1047 2876 etipse
1063 2795 1173 2854 narrat
1189 2810 1218 2854 1.
1228 2793 1247 2853 2
1258 2795 1347 2854 6111.
1357 2790 1398 2852 59

281 2919 337 2984 sq,
360 2917 467 2982 neque
484 2897 582 2963 multo
599 2903 671 2984 post
688 2917 715 2962 6.
734 2901 796 2962 723
818 2901 885 2976 (31)
902 2896 1031 2982 scripsit
1046 2895 1243 2982 Propertius,
1268 2893 1399 2978 quiade

280 3006 600 3072 666116116111111
631 3004 719 3088 agris
740 3003 880 3088 loquitur
912 3010 944 3070 et
966 3000 1130 3086 'Esquilias
1163 3000 1245 3067 adeo
1270 3022 1400 3081 aquosas

186 3136 192 3148 ·
280 3119 390 3180 vocat:
420 3134 516 3197 quarn
540 3133 651 3179 veram
674 3111 819 3196 ipsarum
842 3117 989 3176 naturam
1014 3110 1082 3175 sine
1100 3107 1196 3174 dubio
1213 3111 1400 3190 mutassent,

281 3221 309 3288 si
324 3221 390 3286 iarn
415 3241 475 3308 per
491 3220 618 3303 longius
639 3225 765 3304 tempus
783 3218 900 3284 exculti
917 3223 1032 3292 essent.
1079 3236 1156 3298 ergo
1180 3215 1284 3300 potius
1309 3213 1409 3300 prius

280 3327 435 3415 temporis
452 3326 600 3412 spatium,
617 3323 702 3408 quod
726 3323 766 3390 ab
792 3345 820 3388 6.
838 3327 1104 3407 sacramusque
1128 3321 1171 3385 ad
1194 3341 1222 3386 a.
1247 3324 1310 3386 726
1329 3320 1399 3406 (28)

281 3433 377 3500 finem
403 3433 595 3517 pertinebat,
627 3429 698 3495 huic
731 3430 856 3512 elegiae
880 3430 1046 3512 eligemus.
1099 3434 1196 3513 atque
1220 3426 1399 3492 accuratius

282 3535 389 3625 etiarn,
413 3539 440 3605 si
458 3537 648 3606 coniecturis
665 3536 887 3623 probabilibus
911 3544 946 3604 ut
969 3537 1002 3602 in
1026 3557 1061 3602 re
1083 3536 1206 3600 incerta
1231 3533 1399 3617 indulgere

281 3648 365 3731 licet,
381 3646 452 3732 ipse
469 3644 708 3729 compositionis
725 3663 827 3709 annus
845 3642 1062 3709 circumscribi
1078 3647 1191 3727 potest.
1227 3661 1311 3706 nam
1328 3659 1399 3706 cum

282 3775 311 3820 1.
327 3756 369 3818 27
393 3752 518 3818 illatam
542 3752 660 3817 totiens
683 3751 765 3815 lecto
790 3771 847 3815 suo
872 3770 892 3814 a
915 3747 1054 3835 Cynthia
1077 3747 1228 3812 inimiam
1251 3753 1283 3813 et
1305 3769 1335 3813 1.
1358 3750 1398 3813 88

281 3867 391 3927 notum
409 3857 553 3925 eiusdem
570 3864 675 3926 torum
697 3855 792 3933 dicat,
816 3855 1002 3941 Propertius
1019 3853 1179 3940 Cynthiae
1202 3873 1313 3924 amore
1335 3873 1400 3920 non

282 3968 386 4034 solum
402 3966 482 4034 satis
497 3965 766 4052 longumtempus
783 3984 869 4048 usus,
884 3984 996 4029 1611111
1008 3962 1105 4028 etiam
1114 3959 1282 4046 perfidiam
1291 3961 1399 4026 multis

283 4073 440 4160 exemplis
463 4079 613 4156 expertus
642 4072 778 4139 videtur.
832 4071 943 4154 itaque
966 4069 1027 4136 hoc
1050 4088 1189 4152 carmen,
1213 4066 1297 4150 quod
1315 4087 1399 4133 sanc

282 4181 370 4247 haud
386 4181 432 4245 ita
448 4180 547 4246 multo
562 4187 635 4266 post
652 4201 681 4244 6.
698 4181 760 4245 723
779 4181 847 4258 (31)
866 4175 1044 4243 coniectum
1061 4182 1119 4260 est,
1141 4180 1251 4239 tamen
1266 4175 1321 4239 vix
1335 4173 1399 4258 ipsi

284 4308 312 4352 a.
330 4291 392 4356 724
412 4291 478 4373 (30)
497 4287 627 4353 attribui
652 4290 847 4376 potestque
873 4281 1029 4369 Cynthiae
1054 4302 1143 4347 amor
1165 4279 1261 4346 modo
1285 4278 1399 4364 coepit,
