3192 5154
844 385 886 448 ts

491 567 591 626 Actias
607 561 684 624 dote
697 582 819 624 eonon
835 581 936 624 orcum
952 564 1121 624 intendebat
1135 568 1238 640 Apollo

489 671 630 748 comper?
646 673 738 731 omorio
753 687 786 730 eo
802 677 916 730 terrore
931 673 1081 748 Aeppptus
1097 673 1217 743 elladi,

489 780 580 839 omnis
594 776 700 855 Arabs,
716 769 813 837 omme
827 778 978 837 vertebant
992 784 1078 853 tergo
1094 777 1213 842 Sabaei.

308 881 384 945 hinc
398 881 498 963 igitur
522 878 675 946 discimus
691 879 893 966 Propertium
912 878 1039 964 epicum
1063 879 1103 946 de
1125 880 1222 945 rebus
1244 896 1267 944 a
1283 879 1423 946 Caesare

306 988 407 1071 gestis
422 1008 518 1071 opus
551 987 727 1078 incohasse,
763 986 820 1051 sed
859 984 998 1050 noudum
1035 986 1218 1052 absolutum
1256 987 1423 1052 abiecisse.

307 1093 427 1159 namsi
443 1091 632 1158 confecisset
647 1091 735 1174 illud,
757 1092 830 1157 aliis
846 1092 1055 1177 scriptoribus
1071 1092 1130 1158 has
1146 1111 1198 1158 res
1214 1092 1423 1159 celebrandas

308 1221 343 1266 se
359 1200 540 1282 relinquere
557 1200 612 1264 vix
638 1198 802 1265 confessus
826 1204 912 1264 esset
927 1220 977 1263 vv.
996 1205 1036 1263 77
1053 1220 1121 1282 sqq.
1167 1198 1423 1283 neque'iueredi-
1531 1277 1536 1284 Ι

283 1311 286 1318 “
308 1305 372 1372 dile
388 1312 437 1372 est
452 1313 526 1370 ante
541 1311 685 1370 nostrum
702 1324 830 1370 carmen
847 1310 910 1384 (vv.
923 1310 1027 1370 1-10
1038 1312 1070 1371 et
1085 1310 1127 1371 69
1141 1312 1233 1389 sqq),
1250 1305 1334 1388 quod
1351 1311 1424 1392 post

308 1433 336 1476 a.
362 1417 423 1478 738
452 1418 528 1493 (16.)
552 1412 647 1476 finem
680 1412 893 1496 perscriptum
917 1431 989 1477 esse
1013 1411 1205 1497 videbimus,
1235 1411 1319 1478 huic
1331 1411 1423 1497 operi
1531 1487 1535 1494 ⁸

308 1540 382 1584 eum
398 1539 530 1604 operam
547 1518 686 1602 dedisse,
703 1519 852 1601 quoniam
877 1518 957 1582 illud
980 1521 1045 1583 iam
1070 1539 1166 1585 earm.
1189 1521 1246 1604 111,
1274 1525 1312 1586 16
1337 1517 1423 1601 quod

307 1648 336 1691 a.
354 1630 416 1692 732
441 1631 517 1706 (22.)
542 1625 720 1692 coniectum
743 1631 793 1691 ost
823 1627 970 1709 Augusto
983 1627 1143 1710 promisit
1164 1632 1198 1691 et
1218 1648 1239 1691 a
1262 1625 1421 1709 Cynthiae

283 1747 288 1760 ·
308 1751 419 1796 amore
435 1731 517 1797 liber
533 1731 670 1798 fortasse
687 1733 798 1798 statim
813 1733 954 1798 scribere
971 1732 1125 1817 coepitii)
1157 1731 1224 1815 sed,
1240 1725 1275 1794 ut
1288 1729 1422 1795 redeam

307 1837 393 1904 unde
416 1837 581 1932 digressus
605 1859 685 1923 sum,
710 1861 761 1905 vv.
787 1845 819 1902 11
835 1819 880 1885 -’
887 1843 928 1903 68
953 1859 973 1903 a
996 1837 1111 1904 ceteris
1135 1844 1170 1901 ut
1192 1837 1423 1922 separem„his

308 1943 451 2014 adducor
467 1946 587 2032 causis.
633 1957 709 2010 nam
733 1946 762 2012 si
785 1965 897 2010 omnes
921 1944 1016 2009 huius
1039 1944 1189 2009 carminis
1213 1963 1326 2014 versus
1350 1963 1422 2010 esse

186 2073 188 2078 ·
240 2113 244 2122 ,
307 2057 462 2135 tenemus,
479 2051 564 2134 quod
580 2051 669 2116 aliud
685 2053 754 2117 eius
771 2056 995 2133 argumentum
1013 2069 1085 2116 esse
1110 2056 1224 2135 potest,
1248 2050 1422 2132 siquidem

307 2158 464 2242 Apollinis
488 2158 629 2223 Palatini
652 2159 735 2224 iusto
760 2158 892 2224 consilio
916 2157 1110 2222 mentionem
1135 2155 1251 2222 iactam
1265 2177 1348 2223 esse
1368 2177 1422 2222 vo-

306 2265 421 2348 lumus,
451 2272 548 2347 atque
581 2263 666 2347 quod
687 2264 917 2348 Hertzbergius
941 2266 964 2327 Ι.
983 2283 1019 2350 p.
1045 2266 1085 2329 28
1107 2269 1139 2328 et
1162 2266 1226 2328 228
1251 2262 1423 2347 proposuit,

307 2371 468 2436 ludorum·
486 2371 770 2453 quinquennalium
801 2391 829 2435 a
856 2375 918 2436 738
944 2375 1022 2451 (16.)
1049 2371 1083 2434 in
1111 2389 1240 2455 pugnae
1269 2369 1422 2434 Actiacae

306 2477 460 2543 honorem
492 2477 725 2543 celebratorum
753 2476 984 2564 praeparatio?
1029 2497 1168 2560 namque
1198 2496 1238 2542 ne
1268 2481 1341 2562 post
1363 2475 1421 2542 hos

306 2582 400 2650 ludos
415 2583 540 2649 habitos
557 2584 600 2649 ad
617 2605 672 2650 eos
689 2584 868 2650 laudandos
882 2585 941 2650 hoc
950 2603 1080 2650 carmen
1093 2585 1304 2669 compositum
1313 2583 1421 2666 ducas,

308 2695 429 2756 vetant*
442 2690 830 2756 verborum'couiunctivi
851 2692 884 2756 in
907 2711 958 2756 vv.
983 2697 1021 2756 71
1049 2713 1117 2774 sqq.
1140 2691 1350 2776 inprimisque
1373 2689 1388 2752 f
1409 2727 1420 2736 -

306 2803 410 2862 turum
426 2803 554 2881 tempus
577 2797 610 2860 in
637 2818 686 2860 vv.
712 2801 752 2861 85
777 2817 824 2880 sq.
876 2797 931 2862 illo
956 2804 1064 2864 tamen
1089 2798 1219 2864 oonsilio
1243 2802 1337 2881 capto
1360 2795 1420 2881 Sy·
1443 2869 1447 2876 ,

302 2903 453 2968 cambros
462 2902 606 2970 devictos
616 2925 643 2966 v.
656 2905 694 2967 77
705 2921 957 2969 commemorare
965 2904 1105 2969 nondum
1118 2904 1222 2989 potuit
1235 2903 1421 2989 Propertius

305 3015 437 3096 propter
460 3010 615 3094 temporis
631 3009 787 3106 rationes-3
821 3029 900 3093 quas
925 3013 1085 3097 copiosius
1108 3010 1192 3075 infra
1215 3023 1421 3095 exponemus.

304 3123 477 3202 praeterea
492 3115 639 3182 ludorum
655 3117 689 3181 in
705 3123 769 3182 toto
787 3119 927 3183 carmine
941 3118 1201 3184 commemoratio
1216 3116 1422 3201 indagabitur

305 3225 402 3306 nulla,
425 3223 483 3289 sed
507 3229 539 3288 et
561 3245 612 3289 vv.
640 3229 675 3289 11
703 3245 750 3308 sq.
774 3232 806 3292 et
829 3247 880 3292 vv.
906 3231 946 3292 67
971 3246 1017 3307 sq.
1039 3222 1250 3289 undesedes
1274 3224 1421 3288 Palatina

306 3330 448 3416 Apollini
466 3329 572 3396 dicata
588 3332 629 3395 sit
645 3332 808 3416 explicare
825 3353 860 3399 se
881 3332 1009 3398 disertis
1033 3331 1140 3396 verbis
1161 3334 1257 3410 poeta
1279 3331 1420 3394 testatur.

305 3455 410 3520 neque
427 3436 595 3521 quisquam
612 3457 724 3504 versus
740 3439 812 3505 illos
828 3459 911 3504 nuno
926 3439 959 3502 in
975 3423 1331 3518 mediaelcgia-positos
1349 3454 1419 3518 pro-

234 3616 250 3646 ·
305 3544 481 3610 oemiorum
506 3549 538 3610 et
562 3544 786 3629 clausularum,
815 3545 929 3629 quibus
954 3548 1082 3608 ceterae
1106 3542 1147 3608 de
1170 3541 1309 3624 antiquis
1332 3541 1420 3604 urbis

305 3651 426 3716 Romae
448 3650 526 3746 locis
549 3652 649 3717 sacris
673 3653 804 3738 templis
833 3650 960 3734 elegiae
982 3650 1155 3716 instructae
1172 3649 1249 3732 sint,
1280 3648 1420 3732 speciem

185 3776 187 3781 ·
305 3777 385 3845 prae
402 3777 437 3824 se
454 3757 539 3824 serre
556 3765 588 3824 et
602 3757 900 3841 naturam‘negabit
916 3757 1040 3821 collatis
1056 3757 1095 3839 V,
1111 3761 1140 3840 l,
1164 3762 1177 3819 1
1200 3775 1245 3837 sq.
1267 3760 1299 3819 et
1315 3757 1355 3818 93
1370 3769 1420 3835 sq.

305 3870 360 3929 aut
376 3864 413 3948 V,
430 3869 459 3949 9,
480 3869 492 3930 1
512 3885 559 3950 sq.
576 3871 608 3930 et
624 3870 664 3930 45
683 3885 751 3947 sqq.
798 3870 840 3946 a't,
856 3863 971 3945 inquis,
988 3883 1038 3925 vv.
1056 3865 1097 3927 69
1115 3879 1177 3944 sq:

486 3975 562 4038 bello
577 3978 650 4035 sotir
665 3976 773 4034 cecini:
788 3976 933 4034 citharam
948 3975 1007 4032 icor
1018 3973 1117 4048 poscit
1131 3975 1234 4049 Apollo

488 4131 492 4138 .
531 4085 622 4142 uictor
639 4090 666 4140 et
682 4074 872 4155 od'ploctolor
888 4082 969 4141 emoti
984 4093 1070 4140 arma
1086 4082 1203 4142 eteros-

307 4241 518 4252 --—-.-—..--

375 4309 401 4378 ²¹⁸)
416 4307 470 4362 Cir.
485 4323 556 4378 quac
570 4305 662 4374 capite
676 4309 776 4374 quarto
790 4305 824 4360 de
838 4303 881 4359 his
895 4306 979 4360 rebus
993 4305 1206 4375 disputavimus
