3224 5154
830 385 878 449 ,64

350 561 354 567 ⁴
371 561 399 616 b.
412 559 452 615 Te
465 560 550 614 modo
562 560 694 614 viderunt
707 559 834 628 [iteratos
847 559 948 613 Baetra
960 573 1011 626 per
1022 558 1112 628 ortos]

311 646 315 652 ’
443 655 471 703 te
484 649 567 704 modo
580 648 687 703 munito
701 645 838 702 Neufious
852 644 941 700 hostis
955 661 1037 716 equo,

407 736 570 806 hibernique
584 737 681 804 Getae,
693 737 825 804 pictoque
838 735 983 790 Britannia
996 749 1086 804 tortu,

443 831 523 880 ustus
537 831 566 880 et
577 840 629 880 eoa
643 825 765 878 discolor
778 823 865 878 Indus
877 839 966 895 aqua„

314 984 343 1040 C·
362 999 386 1039 a.
405 985 517 1039 Haooue
529 985 628 1043 marite
641 981 711 1040 fides
724 990 753 1038 ot
765 989 864 1054 pastae
877 984 906 1038 lu
919 983 997 1043 savia
1010 987 1116 1050 noctes,

412 1125 416 1133 ,
443 1089 505 1128 eum
517 1074 595 1128 rudis
609 1073 720 1142 urgenti
732 1072 862 1127 braoohie
873 1073 949 1128 viota
961 1071 1048 1126 dedi?
1062 1101 1097 1142 ·„·
1186 1126 1190 1132 ,
1256 1083 1258 1090 ’

320 1189 326 1204 ·
408 1162 559 1232 quaemihi
572 1163 709 1222 deductae
722 1161 769 1215 fax
782 1177 863 1215 omen
876 1156 1017 1229 praetulit,
1031 1159 1079 1215 illa

443 1243 529 1304 traxit
542 1251 577 1304 ab
591 1265 689 1305 everso
702 1249 806 1303 lumina
820 1249 899 1317 nigra
912 1263 990 1316 rogo,
1022 1260 1025 1273 ¹
1094 1273 1097 1282 .

408 1343 437 1394 et
449 1338 548 1408 Stygio
562 1353 622 1392 sum
636 1351 734 1406 sparsa
746 1338 817 1406 laou,
830 1351 882 1390 nee
894 1342 969 1392 reeta
983 1335 1091 1404 oapillis

394 1479 395 1484 ,
443 1427 514 1482 vitta
528 1427 593 1481 deta
605 1431 656 1494 est
671 1425 753 1494 nupsi
766 1441 824 1479 non
836 1425 986 1481 eomitante
1000 1425 1061 1478 deo.

372 1552 400 1606 b.
413 1551 546 1606 Omnibus
559 1550 613 1605 heu
626 1551 716 1620 portis
729 1550 854 1618 pendent
865 1565 927 1604 mea
938 1548 1023 1602 noxia
1035 1553 1116 1602 vota:
1213 1569 1216 1576 ⁴

443 1640 548 1694 texitur
560 1639 629 1694 haec
641 1639 740 1693 saenis
754 1644 854 1707 quarta
866 1639 976 1694 lacerna
989 1638 1053 1691 tuis.
1068 1667 1101 1676 -

408 1726 675 1795 oscidat,·immeritb
687 1727 736 1796 qul
749 1725 854 1796 carpsit
867 1726 901 1780 ab
915 1726 1015 1791 arbore
1028 1726 1132 1782 vallum

444 1821 472 1870 et
485 1817 588 1870 struxit
600 1815 731 1883 querulas
743 1831 828 1874 rauca
840 1830 890 1884 per
904 1830 968 1869 ossa
981 1815 1071 1887 tubus,
1165 1867 1167 1874 ,

408 1903 520 1972 dignior
532 1901 647 1974 obliquo
661 1902 755 1960 funem
768 1903 816 1972 qui
828 1908 959 1972 torqueat
972 1903 1047 1958 Oeno
1087 1937 1090 1944 .

443 1999 627 2061 aeternusque
640 1996 835 2061 intorpescat,
849 1991 943 2060 aselle,
955 1991 1062 2046 lumem.

373 2132 396 2170 o.
414 2116 466 2169 Die
478 2113 552 2182 miti,
566 2131 631 2170 uum
645 2119 757 2175 teneros
771 2115 826 2169 urit
838 2101 925 2169 lorica
937 2114 1078 2169 lacertos?

444 2219 510 2257 num
521 2203 616 2272 gravis
629 2203 755 2257 imbelles
768 2203 865 2258 atterit
877 2189 958 2258 basta
970 2203 1089 2256 uranus?
1104 2235 1137 2241 —

408 2291 477 2346 haec
490 2296 611 2345 noceant
622 2293 719 2360 potius
732 2307 814 2360 quam
829 2291 959 2346 dentibus
973 2292 1030 2345 ulla
1042 2292 1137 2360 puella

445 2381 493 2434 det
504 2379 571 2433 mihi
583 2379 736 2449 plorandas
749 2396 799 2449 per
812 2385 860 2434 tua
873 2380 946 2434 oolla
958 2385 1048 2434 notes
1101 2425 1103 2430 .
1143 2437 1146 2444 ,

286 2527 288 2532 ,
372 2524 376 2532 ,
410 2467 511 2522 diceris
522 2472 553 2522 et
564 2467 651 2523 macie
663 2468 772 2523 vultum
785 2474 931 2525 tenuasse:
948 2469 998 2523 sed
1012 2474 1090 2537 opto,

414 2563 417 2570 '
444 2571 459 2611 e
474 2556 614 2611 desiderio
627 2556 665 2614 sit
677 2557 754 2612 color
766 2557 820 2612 iste
833 2573 904 2624 meo.

376 2680 402 2735 d.
416 2680 494 2735 Felix
506 2678 679 2750 Hippolytei
694 2681 769 2736 nuda
780 2682 847 2736 tulit
859 2697 934 2735 arma
947 2681 1053 2749 papilla

446 2774 475 2823 et
487 2767 558 2822 texit
569 2769 650 2838 galea
662 2769 781 2823 barbara
793 2769 876 2824 molle
889 2774 981 2836 eaput.
996 2799 1029 2808 —
1053 2839 1061 2844 .

410 2857 544 2912 Romanis
557 2857 662 2912 utinam
675 2857 833 2926 patuissent
845 2862 936 2911 eastra
949 2857 1067 2925 puellis!

446 2960 535 3000 essem
547 2945 662 3000 militiae
675 2945 783 3000 sardina
796 2941 852 3000 fida
865 2951 938 3014 tuae,

411 3050 462 3089 neo
474 3049 517 3088 me
531 3036 673 3089 tardarent
685 3033 816 3105 Soytlriae
829 3035 904 3104 iuga,
917 3051 979 3088 oum
991 3039 1072 3102 pater
1085 3031 1155 3084 altas

446 3122 561 3177 tetricus
574 3123 605 3188 in
615 3123 733 3191 glaciem
746 3123 849 3192 frigore
863 3123 950 3177 nectit
963 3137 1058 3208 equas.
1125 3146 1129 3154 ·

369 3263 398 3303 e.
418 3247 513 3302 Omnis
532 3262 609 3300 amor
626 3263 752 3316 magnus,
775 3247 825 3302 sed
844 3252 942 3316 aperto
961 3247 988 3300 in
1008 3243 1126 3312 ooniug'e
1145 3244 1248 3299 maior:
1318 3261 1319 3264 ¹

445 3335 515 3389 hane
527 3336 632 3402 Venus,
647 3342 678 3389 ut
690 3337 776 3404 viret,
790 3335 908 3389 ventilat
920 3335 982 3404 ipsa
993 3326 1090 3388 facem.
1104 3365 1139 3373 —

316 3846 357 3903 0⁴.
371 3863 395 3902 a.
409 3844 452 3902 At
463 3846 530 3902 mihi
543 3864 604 3903 cum
617 3853 713 3904 noctes
726 3845 837 3903 induxit
849 3849 960 3917 Vesper
972 3859 1089 3914 amares,

378 3983 380 3990 ,
445 3937 526 4006 sique
538 3937 635 3992 relicta
647 3937 746 4005 iacent,
761 3938 872 3993 osculor
885 3953 959 3991 arma
973 3940 1029 3989 tua.
1044 3965 1076 3972 -
1150 3999 1152 4004 Ι

409 4030 467 4080 tum
481 4041 582 4094 queror
595 4027 623 4080 in
637 4030 698 4080 toto
712 4042 769 4079 non
782 4026 874 4080 sidere
885 4025 972 4096 pallia
984 4024 1066 4091 lecto,

444 4115 514 4169 lueis
526 4121 555 4169 et
567 4119 694 4169 auctores
708 4130 763 4169 non
777 4115 844 4170 dare
857 4126 964 4168 carmen
979 4127 1059 4180 aves3

408 4203 540 4258 noctibus
553 4203 677 4282 bibernis
691 4202 843 4258 castrensia
855 4215 943 4270 pensa
955 4200 1054 4254 laboro

444 4296 474 4349 et
485 4291 572 4364 Tyria
583 4292 617 4345 iu
625 4291 720 4346 radios
732 4289 838 4348 vellera
851 4293 926 4344 secta
938 4303 1013 4344 suos.
