3192 5154
728 391 886 453 45·
1054 401 1080 455 0

194 575 221 628 ct
243 571 361 628 nimium
384 571 474 629 remis
497 570 609 629 codem
622 523 720 644 prope
742 583 838 646 quarn
862 565 1001 628 maxime
1024 563 1156 646 languet
1178 571 1310 648 propter

191 678 280 734 remis
296 677 328 736 et
341 693 437 752 prope
451 691 547 738 voees
558 670 650 736 omni
666 665 970 756 'virtute‘o'arentee¹
1001 669 1088 736 idem
1105 677 1214 734 autem
1229 671 1308 736 illud

192 784 279 840 remis
295 776 438 860 pondere
455 796 587 863 prorsus
603 777 791 844 destitutum
813 783 870 862 est,
889 778 921 843 si
945 777 1088 844 oratione
1111 783 1185 862 post
1200 783 1311 842 cudent

65 969 67 974 Α
169 881 177 902 ““
193 883 326 948 verbum
350 883 501 952 distincta
530 905 599 950 cum
625 883 747 948 Jacobo
780 883 952 950 scribimus
973 891 1056 966 prot
1081 895 1167 964 turpe
1190 889 1309 948 Latium

192 1009 297 1071 neque
312 991 428 1056 melius
452 1011 488 1056 se
513 990 612 1056 habet
627 987 765 1056 eandem
780 989 823 1054 ob
837 1009 968 1056 eausam
985 988 1071 1074 quod
1086 988 1309 1056 Lachmannus

192 1097 375 1181 proposuit:
583 1111 586 1116 “
1111 1179 1114 1186 Δ

387 1213 415 1268 ct
428 1209 546 1268 mnium
560 1210 648 1268 renu’s
663 1210 789 1280 cudent
795 1225 864 1284 pro,
880 1214 965 1284 turpe
984 1209 1113 1269 Larino:

192 1307 522 1394 praeterquamquod
537 1309 695 1375 Antonius
711 1330 775 1374 non
789 1310 907 1376 multas
923 1330 941 1375 e
957 1309 1067 1394 Lati0‚'
1080 1309 1137 1375 sed
1153 1308 1313 1396 plurimas

194 1435 234 1480 cx
252 1414 389 1480 *Oriente
412 1435 512 1482 naves
533 1414 689 1498 habebat3
719 1415 774 1480 cfr.
798 1415 894 1498 Verg.
918 1416 997 1481 Aen
1018 1417 1105 1500 VIII,
1130 1421 1193 1482 685
1218 1435 1304 1498 sqq.;

195 1524 256 1586 705
274 1538 343 1602 sqq.
389 1541 543 1606 perverse
565 1522 662 1587 etiam
687 1521 918 1604 Hertzbergius
942 1542 1010 1586 rem
1040 1523 1107 1603 egit
1130 1522 1184 1605 qui
1200 1521 1306 1586 locum

193 1628 239 1692 ita
256 1628 433 1694 constituit:
1194 1711 1198 1718 ¹

368 1744 397 1798 et
413 1727 530 1799 mnrium
546 1741 633 1799 remis
649 1727 767 1812 audent,
776 1740 859 1816 prot
873 1741 978 1816 turpe!
1007 1739 1128 1818 Latois,

333 1879 338 1887 -
462 1848 600 1922 princepe
615 1850 763 1921 tefluettu
777 1848 943 1921 reptando
953 1848 1031 1921 poti.

192 1953 289 2029 atque
305 1945 399 2013 huius
419 1946 564 2012 lectionis
579 1945 662 2012 hanc
687 1947 748 2012 sibi
770 1946 903 2012 Indulsit
919 1946 1233 2032 interpretationem:
1260 1945 1308 2009 ni·
1329 1986 1334 2002 »

192 2051 291 2120 mium
307 2059 400 2138 turpe
418 2060 468 2120 est
479 2053 568 2136 quod
576 2074 677 2119 naves
686 2054 819 2136 reginae
828 2060 860 2120 te
874 2054 1019 2142 principe
1027 2053 1163 2118 Romani
1178 2052 1308 2136 remigii

193 2179 254 2244 ope
270 2159 421 2225 ductibus
439 2161 638 2226 committere
661 2179 697 2226 se
720 2159 857 2243 audent3
887 2158 1034 2243 quamvis
1058 2165 1191 2246 propter
1213 2177 1307 2224 vocas

193 2266 338 2330 bulorum
371 2266 611 2332 collocationem
637 2273 755 2332 otmium
782 2272 814 2332 ct
844 2277 930 2347 turpe
959 2267 1110 2350 coniungi
1136 2270 1307 2348 nequeant.

193 2391 276 2454 quae
293 2378 402 2437 tamen
410 2372 568 2438 vocabula
583 2373 611 2438 si
625 2379 828 2457 separantur,
839 2379 959 2438 mnrium
966 2373 1053 2466 omni
1069 2391 1165 2438 sensu
1181 2381 1308 2438 cassum

193 2484 250 2543 est.
304 2476 363 2544 sed
395 2485 557 2561 uteunque
587 2475 668 2544 hmo
698 2480 750 2544 vel
783 2478 994 2544 emendantur
1017 2478 1069 2545 vel
1101 2477 1309 2562 explicantur,

188 2590 325 2665 princepe
341 2595 370 2648 tc
384 2584 486 2652 verba
501 2591 636 2671 propter
651 2583 812 2670 duplicem
837 2603 967 2650 causam
990 2583 1069 2650 terri
1088 2604 1151 2648 non
1167 2589 1310 2669 possunt.

191 2709 296 2773 nequo
313 2691 469 2780 enimlaut
487 2711 524 2762 eo
540 2698 686 2776 tempore
702 2711 766 2774 quo
775 2711 885 2776 pugna
900 2671 987 2775 apud
996 2690 1122 2759 Actium
1139 2687 1324 2772 commissa·

191 2801 241 2862 est
255 2797 320 2862 iam
338 2797 489 2882 princeps
514 2803 585 2862 erat
600 2797 766 2881 Augustus
789 2805 845 2862 aut
866 2798 913 2862 ita
928 2798 1111 2879 loquentem
1127 2795 1308 2880 Apollinem

190 2903 218 2967 is
231 2911 333 2987 pocta
348 2891 474 2970 induxit
491 2905 545 2986 qui
562 2903 736 2978 Caesarem
752 2904 864 2970 laudet
871 2905 911 2970 ob
921 2904 1103 2970 libertatem
1119 2903 1160 2968 ab
1169 2902 1308 2966 Antonio

191 3027 269 3090 rege
285 3007 469 3098 defensam:
498 3009 830 3077 cl1·.v.58.·etv.62.
876 3009 980 3093 quid?
1011 3009 1097 3093 quod
1120 3009 1191 3094 ipsc
1214 3008 1308 3074 huius
1398 3057 1401 3064 -

190 3112 318 3180 distichi
329 3109 447 3180 'auctor
463 3114 585 3198 regia
601 3116 699 3181 vela
721 3115 853 3199 indigne
875 3117 945 3181 fert.
990 3113 1077 3182 idem
1100 3136 1176 3180 num
1192 3115 1307 3200 prin-

190 3221 253 3306 cip
263 3241 322 3286 em
338 3221 517 3305 Augustum
532 3220 796 3307 commendasset
812 3223 873 3289 nisi
887 3223 1029 3308 ineptum
1044 3221 1307 3307 interpolatorem

189 3325 241 3392 hie
257 3326 468 3394 teneremus?
582 3325 586 3330 ’

271 3432 330 3496 nd
345 3433 425 3500 haee
440 3435 538 3518 igitur
553 3434 872 3520 mendorumgenera
887 3435 915 3502 is
931 3435 1073 3501 animum
1089 3431 1237 3500 attendat
1251 3434 1306 3517 qui

138 3523 141 3529 ¹
190 3535 360 3623 Propertii·
374 3540 491 3604 lib'rum
519 3542 663 3623 quintum
688 3542 915 3608 emendaturus
940 3548 996 3607 est
1044 3548 1076 3606 et
1099 3547 1173 3608 sunt
1195 3541 1306 3606 etiam-

189 3663 271 3709 nunc
288 3644 366 3712 satis
382 3646 490 3729 multa,
514 3646 547 3709 in
563 3647 679 3730 quibus
694 3646 828 3713 haereat
843 3647 981 3730 diligens
998 3647 1106 3715 lector.
1124 3670 1130 3679 ·
1152 3645 1211 3712 sed
1226 3646 1311 3715 liaeo.

190 3769 373 3834 quanquam
398 3752 453 3816 vix
477 3752 586 3818 omnia
609 3771 664 3826 eos
688 3753 847 3840 fugeruut,
869 3759 977 3822 tamen
999 3754 1115 3820 tollere
1138 3754 1308 3818 noluerunt

191 3857 300 3941 critici,
324 3857 401 3940 quia
417 3857 498 3923 haec
514 3859 657 3924 carmina
680 3861 721 3924 ab
738 3859 810 3944 ipso
824 3866 921 3944 poeta
936 3879 999 3925 non
1014 3860 1164 3926 absoluta
1187 3867 1220 3925 et
1234 3879 1305 3944 pcr-

190 3964 292 4047 polita
308 3984 380 4030 esse
397 3964 458 4030 sibi
482 3971 730 4050 persuaserunt:
759 3965 814 4031 cir.
838 3966 1064 4031 Lachmannus
1088 3964 1131 4031 ad
1155 3966 1192 4048 V,
1219 3971 1246 4048 1,
1266 3970 1299 4046 ¹3

190 4074 219 4152 2,
239 4074 292 4150 123
314 4078 342 4154 4,
355 4075 396 4153 ,3,
423 4067 656 4154 Hertzbcrgius
673 4073 733 4157 Ip.
751 4077 815 4137 216
832 4093 880 4156 sq.
897 4079 928 4138 et
953 4071 995 4136 ad
1011 4073 1049 4156 V,
1076 4077 1124 4155 to,
1154 4077 1164 4134 l
1185 4092 1232 4152 sq.
1272 4076 1306 4134 at

189 4176 286 4240 etiam
307 4175 365 4242 has
389 4176 512 4262 elegias
537 4179 679 4244 maxima
702 4186 855 4263 exparte
880 4179 1064 4244 elaboratas
1089 4180 1121 4241 et
1143 4175 1304 4261 periectas

190 4301 260 4346 esse
283 4301 303 4344 a
327 4281 422 4364 poeta
446 4305 515 4348 cum
540 4305 558 4350 e
582 4286 630 4350 rei
661 4287 815 4355 metricae
836 4285 1016 4369 elegantiis,
1045 4290 1113 4350 tum
1136 4302 1155 4348 e
1178 4283 1305 4356 summa
