3224 5154
750 370 792 434 89

214 567 286 613 cum
302 544 430 612 Parthis
446 544 566 610 bellum
583 545 705 610 instare
721 543 901 610 videbatur.
947 543 1033 627 quod
1049 564 1120 610 cum
1138 545 1184 610 116
1199 544 1249 629 611,
1270 563 1330 628 ego

213 650 344 737 quidem
367 651 450 716 hanc
471 649 643 736 epistulam
666 648 735 716 1616
758 671 787 716 6.
808 654 873 716 733
893 654 960 729 (21)
984 649 1027 715 ad
1042 650 1198 737 Lycotam
1221 649 1331 715 datam

217 779 290 826 esse
307 756 513 839 crediderim3
535 757 595 824 hoc
610 757 697 822 enim
712 763 859 842 tempore
874 757 931 822 ille
946 756 1128 840 Augustum
1152 759 1332 842 comitatus,

219 865 274 948 qui
289 885 317 932 a
335 869 397 930 732
415 870 482 945 (22)
493 865 628 931 Romam
645 865 831 948 reliquerat,
845 863 879 929 in
895 863 1025 950 Syriam
1042 862 1214 930 advenisse
1230 871 1331 930 etex·

215 971 413 1056 positionem
422 971 605 1038 Parthicam
615 991 795 1058 apparasse
810 976 924 1055 potest.
954 991 1059 1054 neque
1068 971 1141 1036 huic
1154 971 1332 1038 sententiae

216 1079 347 1146 obstare
363 1079 512 1146 videntur
527 1101 580 1146 vv.
596 1083 637 1144 23
654 1099 733 1163 sqq.,
748 1085 782 1145 at
798 1077 910 1145 lavere
926 1078 1024 1144 etiam
1040 1099 1092 1144 vv.
1108 1082 1150 1144 35
1167 1099 1236 1164 sqq.

307 1221 377 1285 Iam
401 1243 479 1288 vero
502 1221 601 1288 multo
625 1221 776 1288 incertius
801 1227 850 1287 est
873 1227 1000 1307 tempus
1023 1242 1086 1304 quo
1110 1241 1228 1287 carm.
1252 1219 1290 1305 V,
1314 1227 1332 1286 5

218 1325 381 1393 conditum
396 1327 445 1394 sit
490 1349 630 1410 namque
655 1329 682 1394 si
702 1327 822 1394 nonde
839 1327 988 1414 Cynthia,
1011 1328 1068 1395 sed
1085 1326 1126 1394 de
1142 1327 1210 1393 alia
1225 1327 1335 1414 puella

217 1433 370 1518 scriptum
387 1441 444 1519 est,
460 1434 573 1499 incidit
589 1436 622 1499 in
638 1456 665 1500 6.
676 1439 739 1500 726
751 1437 818 1515 (28)
827 1433 923 1500 finem
940 1440 996 1500 661
1011 1455 1040 1500 6.
1051 1439 1113 1500 727
1124 1439 1191 1515 (27)
1207 1435 1332 1500 initium

218 1547 274 1606 aut
290 1547 363 1626 post
379 1561 408 1606 a.
426 1545 488 1607 732
507 1545 584 1627 (22),
603 1544 719 1626 quibus
736 1543 934 1626 temporibus
951 1543 992 1607 ab
1008 1541 1095 1608 illius
1112 1561 1222 1610 amore
1237 1548 1334 1627 poeta

216 1647 363 1713 vacabat
409 1649 460 1715 sin
488 1648 530 1713 ed
554 1646 728 1734 Cynthium
749 1649 856 1733 potius
881 1653 1009 1735 spectat
1028 1649 1108 1715 haec
1132 1635 1249 1734 elegia,
1279 1653 1335 1715 aut

215 1754 298 1819 inter
315 1775 342 1819 a.
360 1759 423 1821 724
441 1759 507 1834 (30)
524 1761 556 1821 61
572 1775 600 1820 6.
617 1760 681 1820 726
698 1755 770 1843 (28)
787 1763 842 1822 661
857 1757 941 1822 inter
958 1777 986 1822 6.
998 1761 1061 1821 727
1072 1759 1143 1837 (27)
1165 1764 1334 1823 exeuntem

217 1866 249 1926 et
272 1878 301 1931 a.
327 1864 389 1925 732
411 1860 481 1948 (22)
498 1866 668 1926 exeuntem
693 1863 814 1946 scripta
840 1868 905 1928 est:
931 1882 1016 1956 'nam
1047 1861 1097 1928 his
1125 1863 1217 1930 annis
1240 1863 1334 1929 huius

217 1987 328 2032 amore
344 1968 520 2033 tenebatur.
554 1974 651 2050 atque
662 1967 689 2033 is
700 1968 751 2033 oui
767 1967 848 2034 haec
864 1969 1022 2035 sententia
1030 1969 1229 2053 probabilior
1245 1969 1334 2037 vide·

217 2081 268 2140 tur
291 2081 398 2161 potest
419 2095 491 2140 cum
507 2074 618 2158 aliqua
634 2075 780 2141 veritatis
803 2077 910 2161 speeie
934 2075 1096 2162 suspirari
1120 2079 1157 2142 ’66
1182 2084 1334 2164 tempore,

216 2204 280 2266 quo
296 2183 454 2266 praetoris
471 2182 558 2247 illius
575 2181 686 2248 divitis
703 2183 841 2268 pecunia
859 2181 924 2261 (611.
935 2184 1110 2268 carm.I,8;
1133 2175 1188 2266 8b;
1209 2184 1334 2268 11116.)

217 2287 358 2373 Cynthia
382 2288 514 2371 paulum
537 2309 557 2352 6
579 2289 747 2374 Propertio
771 2289 957 2355 abalienata
980 2292 1029 2376 sit,
1054 2291 1255 2374 potissimum
1276 2289 1335 2354 hoc

218 2413 348 2460 carmen
368 2394 578 2478 compositum
603 2415 683 2460 6666.
729 2393 787 2460 sed
810 2396 880 2478 quis
905 2396 1004 2464 dubia
1027 2397 1108 2463 haec
1132 2397 1240 2464 omnia
1264 2417 1336 2464 esse

218 2499 379 2584 negabit?

307 2641 438 2708 Certum
461 2648 568 2707 autem
596 2641 638 2706 de
662 2661 777 2707 earm.
802 2643 839 2727 V,
864 2649 881 2708 7
907 2649 1050 2728 tempore
1074 2644 1227 2712 iudicium
1251 2645 1336 2711 16116

217 2751 302 2816 11661
348 2749 408 2815 hoc
439 2749 523 2815 enim
547 2749 638 2814 utin
662 2747 819 2834 Cynthiae
841 2747 994 2816 honorem
1018 2752 1183 2839 scriberet,
1206 2758 1335 2840 poetam

218 2858 347 2942 veteris,
370 2855 429 2923 sed
444 2857 509 2921 iam
526 2855 696 2922 abdicatae
723 2857 848 2922 amicae
871 2864 974 2922 morte
996 2864 1118 2923 motum
1142 2879 1213 2926 esse
1237 2880 1337 2945 supra

218 2964 367 3030 diximus.
414 2962 551 3029 eundem
574 2970 684 3028 tamen
708 2963 797 3028 obitu
819 2963 888 3028 eius
912 2963 959 3028 116
982 2964 1134 3030 affectum
1157 2966 1257 3033 luisse
1281 2966 1336 3034 vix

218 3071 372 3139 credibile
389 3076 446 3154 est,
470 3070 525 3134 ubi
548 3071 613 3135 iam
638 3070 714 3135 olim
736 3070 805 3135 eius
821 3090 965 3135 amorem
982 3091 1023 3135 ex
1043 3071 1151 3136 animo
1168 3073 1336 3160 expulerit.
1424 3129 1428 3136 .

217 3200 292 3244 nam
308 3198 393 3244 nova
409 3177 513 3242 amica
530 3177 661 3242 inventa
676 3178 866 3261 plerumque
883 3178 1001 3244 veteris
1022 3179 1180 3244 memoria
1196 3181 1335 3244 evanuit

205 3285 327 3368 'itaque
344 3282 484 3368 Cynthia
499 3305 561 3348 non
576 3283 677 3349 multo
693 3290 767 3370 post
783 3305 811 3348 6.
822 3288 884 3349 732
895 3288 962 3367 (22)
978 3289 1149 3350 exeuntem
1166 3305 1227 3368 quo
1243 3286 1337 3369 pulsa

220 3397 268 3456 est
293 3390 380 3455 diem
404 3410 590 3476 supremum
615 3390 735 3458 obiisse
758 3391 895 3458 videtur.
944 3391 1035 3456 brevi
1058 3395 1167 3456 eutem
1190 3398 1336 3477 tempore

218 3497 448 3583 praeterlapso‚
472 3517 500 3560 a.
522 3501 584 3562 733
610 3501 678 3578 (21)
707 3497 784 3582 1616,
808 3499 929 3585 scripta
953 3504 1057 3564 66166
1079 3497 1195 3584 elegia,
1216 3496 1337 3582 dequo

218 3604 386 3687 loquimur.

307 3745 420 3812 Restat
440 3767 536 3810 unum
553 3765 671 3811 earm.
696 3747 733 3830 V,
758 3752 791 3828 83
822 3745 907 3828 quod
923 3745 1155 3829 Hertzbergius
1178 3747 1194 3811 I
1216 3769 1248 3832 p.
1272 3751 1334 3812 229

217 3859 342 3920 tantum
358 3858 466 3918 monet
481 3860 555 3919 ante
572 3852 942 3934 661-1166666666
960 3874 1040 3920 6666.
1072 3853 1130 3919 sed
1146 3853 1188 3918 ad
1205 3861 1332 3936 tempus

219 3959 398 4022 accuratius
407 3956 622 4024 definiendum
632 3953 795 4044 duplicem
809 3958 890 4023 illud
900 3960 1035 4044 praebet
1046 3979 1167 4025 ansam.
1196 3960 1336 4045 primum

219 4063 305 4128 enim
321 4063 408 4128 eadit
421 4064 455 4128 in
470 4069 598 4150 tempus
613 4065 745 4149 aliquod
761 4085 824 4149 quo
834 4066 1020 4150 Propertius
1037 4063 1195 4151 Cynthiae
1211 4066 1333 4131 amicus

219 4168 286 4234 fuit.
334 4169 389 4249 qui
420 4170 447 4234 si
478 4178 553 4254 tum,
585 4173 641 4237 ubi
668 4172 750 4238 hanc
781 4171 920 4255 elegiam
951 4172 1097 4256 confecit,
1127 4172 1336 4257 6661616661,

219 4293 271 4339 vv.
288 4278 329 4338 27
347 4291 411 4355 sq.:
