3192 5154
705 406 746 473 33

290 598 294 606 “
381 607 441 665 per
457 596 555 648 tenues
571 606 639 650 ossa
654 591 792 649 hartmot
805 593 1056 648 numerato-mres
1139 611 1146 618 ·

169 691 382 780 scribi-iussit,
398 692 483 775 quia,
500 697 534 755 ut
549 690 613 760 alia
625 691 929 774 praetermittamus,
945 689 1201 773 Propertiusnon
1216 694 1285 774 tam

170 796 330 864 desiderio
346 799 471 863 amidae
486 797 663 881 marcescit,
680 816 776 880 quam
793 795 865 862 odio
881 797 975 861 lenae
992 795 1207 865 inflammatus
1217 801 1285 862 esti

168 918 275 986 neque
297 906 450 988 temporis
474 909 643 987 momenta·
657 903 806 969 etiamsi·
819 903 1010 988 gravissimo
1036 901 1145 985 dolore
1162 909 1283 986 'eaptus

170 1018 227 1094 est,
244 1012 289 1075 ita
305 1016 547 1094 attenuatur·,'ut
562 1017 620 1094 per
636 1016 726 1078 outes
741 1010 903 1074 numerari
926 1010 1049 1092 possint
1066 1009 1147 1074 ossa.
1177 1001 1283 1089 'neque

170 1135 246 1182 vero
271 1117 314 1181 ad
329 1117 488 1202 Propertii
512 1117 672 1199 amioam‚‘
686 1099 841 1198 iuquam
863 1113 1211 1198 invehitur-Aequitio
1233 1111 1285 1177 hio

170 1225 282 1302 versus
298 1217 411 1304 reterri
428 1230 540 1308 potest,
557 1223 633 1306 quia
648 1223 729 1288 haee
745 1224 801 1288 our
814 1223 863 1286 ita
878 1221 994 1288 affeetu
1008 1222 1050 1315 sit
1066 1222 1170 1286 minus
1187 1222 1282 1286 etiam

170 1330 375 1414 intellegitur.
421 1329 530 1413 itaque
546 1330 580 1395 id
604 1350 701 1394 unum
717 1329 914 1412 relinquitur,
938 1333 973 1391 u't
988 1327 1029 1393 de
1044 1318 1116 1412 ipsa
1131 1325 1205 1392 lena
1220 1326 1284 1391 diei

171 1449 373 1520 oensamns3'-
385 1443 483 1519 atque
499 1457 573 1502 ossa
590 1457 648 1520 per
656 1432 881 1501 'tenuesoutes
896 1439 1064 1498 numerata
1079 1435 1197 1517 optime
1214 1451 1285 1497 eon-

171 1543 302 1609 veniunt
317 1543 350 1606 in
367 1544 506 1608 subitam
523 1543 591 1610 eius
606 1548 741 1607 mortem
752 1560 834 1624 quae
844 1539 980 1604 Veneris
995 1541 1125 1604 numine
1142 1539 1285 1605 efficitur.

171 1648 230 1717 sed
254 1647 381 1714 etiamsi
401 1651 438 1712 in
458 1648 540 1714 hano
564 1649 756 1714 sententiam
781 1646 945 1714 emendari
969 1651 1083 1730 potest,
1106 1647 1157 1710 hio
1176 1652 1286 1710 tamen

68 1763 70 1768 '
170 1751 284 1821 versus
300 1756 357 1820 ille
371 1756 500 1821 tolerari
516 1754 643 1838 nequit:
664 1755 718 1820 ubi
735 1753 840 1819 subito
855 1759 1104 1824 mortuamesse
1118 1745 1295 1818 mulierem

170 1862 498 1946 nondum-narravit,-
516 1867 626 1928 auctor
654 1866 744 1944 qu'ae·
762 1859 859 1926 tuerit
889 1861 1128 1944 eorporispost
1151 1865 1286 1924 mortem

174 1969 300 2052 speeies
316 1969 425 2051 inepte
441 1967 580 2051 exponit.
601 1969 681 2031 'Iam
698 1987 774 2032 vero
791 1981 820 2032 v.
838 1971 893 2032 68:

394 2107 397 2112 ·
441 2081 557 2140 horruit
572 2081 683 2155 olqealr'
691 2081 823 2158 populo
838 2079 1010 2156 sarto-soro
1115 2093 1119 2102 ¹
1194 2077 1219 2094 ''

170 2180 277 2245 neseio
301 2199 364 2263 quo
387 2181 482 2245 modo
505 2181 620 2264 vagari
645 2179 723 2245 mihi
752 2179 879 2253 videtur
901 2180 986 2243 inter
1009 2174 1150 2260 reliquos
1173 2197 1286 2244 versus

174 2286 289 2368 quibus
305 2265 588 2353 nulla'sent‘entiae
608 2272 845 2354 necessitudine
870 2286 1079 2368 ooniungitur.
1126 2303 1181 2352 our
1202 2285 1286 2351 euim

171 2391 232 2456 hoo
261 2393 472 2476 potissimum
492 2393 561 2458 iooo
593 2393 687 2457 lenae
722 2400 949 2478 paupertatem
966 2398 1137 2460 'memorat
1166 2391 1287 2477 poeta?

172 2497 266 2563 huius
281 2504 390 2564 autem
406 2489 514 2564 statim
524 2504 596 2582 post
611 2500 798 2582 orationem,
814 2519 878 2580 qua
886 2499 1013 2582 puellae
1029 2506 1064 2563 ut
1079 2498 1209 2565 divitias
1226 2499 1287 2564 sibi

173 2610 305 2688 pararet
320 2605 421 2672 suasit
436 2605 560 2688 mulier,
575 2605 683 2688 aptius
696 2595 816 2669 mentio
830 2603 873 2687 fit,
889 2610 925 2666 m
940 2602 1033 2670 huius
1049 2605 1174 2672 consilii
1190 2625 1289 2670 eausa

173 2710 277 2775 etiam
289 2717 408 2796 pateat.
449 2711 578 2794 quaesi
595 2710 851 2794 veredisputata
875 2717 956 2795 sunt,
980 2731 1009 2776 v.
1027 2715 1118 2778 62‘et
1134 2733 1163 2778 v.
1176 2715 1221 2777 68
1239 2731 1287 2777 se-

172 2816 246 2881 dem
270 2818 352 2884 inter
375 2837 411 2884 se
433 2825 559 2884 mutare
583 2818 710 2884 debent.
751 2805 808 2883 'sio
832 2817 916 2882 enim
941 2817 1047 2882 subita
1069 2818 1163 2884 lenae
1187 2823 1289 2884 morte

172 2943 222 2988 vv.
241 2927 281 2988 65
299 2943 367 3006 sqq.
383 2932 516 2989 narrata
531 2923 619 2989 haud
634 2925 743 3009 inepte
758 2923 895 2990 adicitur
910 2923 1008 2990 noa.
1048 2925 1103 3008 qui
1118 2925 1165 2991 sio
1195 2925 1288 2990 resti-

172 3034 274 3096 tutus:
737 3043 740 3050 ⁴

312 3170 317 3178 ·
399 3155 524 3219 orsaque
534 3157 593 3215 per
608 3148 707 3202 tenues
717 3144 791 3202 'saal
803 3147 958 3202 nummata
974 3148 1054 3202 autur

172 3261 263 3307 suum
287 3241 541 3308 loeum‘tuetur.'
584 3251 725 3308 aeterum
749 3263 870 3310 uersus
901 3245 1184 3329 transpositionem
1213 3245 1288 3310 olim

172 3354 283 3414 secuta
299 3356 348 3415 est
364 3350 542 3435 particulae
559 3372 617 3430 que
630 3351 695 3414 iam
717 3370 819 3416 sensu·
838 3351 976 3416 carentis
992 3351 1233 3436 praetermissio
1257 3359 1289 3416 et

172 3455 400 3520 vocabulorum
416 3455 571 3522 traiectio.
611 3509 614 3516 .
1229 3469 1233 3472 ’

261 3560 326 3627 Sed
341 3561 481 3626 nondum
498 3562 558 3626 hoo
582 3581 711 3627 carmen
727 3563 910 3645 relinquere
926 3564 1009 3629 lr'oet.
1037 3580 1114 3648 age
1131 3565 1215 3630 enim
1232 3564 1288 3628 ad-

172 3668 347 3754 spiciamus
364 3668 457 3733 lenae
473 3677 658 3753 praecepta.
695 3682 787 3753 quae,
804 3689 988 3752 quanquam
1004 3670 1038 3734 in
1053 3670 1188 3753 singulis
1204 3670 1287 3736 ordi-

171 3775 286 3841 nandis
303 3782 423 3840 certam
441 3775 602 3856 quandam
620 3776 803 3842 libertatem
821 3773 1024 3842 ooneedimus
1040 3784 1164 3864 poetae,
1180 3785 1288 3844 tamen

172 3882 241 3946 sine
257 3882 322 3946 ulio
339 3880 632 3947 oonsilio'oonieota
648 3883 762 3947 merito
787 3881 942 3949 dieantur.
988 3885 1200 3968 nequeenim
1225 3886 1289 3951 sitr-
1384 3968 1391 3973 ἱ

106 3983 143 4020 ⁸·
172 3988 330 4070 guterium
348 3995 593 4074 praesepiorum
611 3995 683 4074 post
696 3991 866 4072 generalia
875 4011 925 4057 vv.
936 3996 974 4055 21
989 3995 1082 4056 -28
1099 3999 1291 4080 exprompta

172 4092 316 4158 ordinem
332 4095 526 4179 itainoipere
536 4095 676 4160 debebat
685 4095 840 4165 Acanthis
849 4099 1163 4166 vassalumoJore
1177 4121 1290 4164 moram

167 4206 295 4278 pruritum
308 4207 394 4284 forn,
410 4221 483 4268 oum
499 4199 564 4267 aiio
582 4203 726 4268 eiusdem
744 4205 874 4288 generis
888 4203 1072 4270 adhortatio
1080 4205 1296 4289 praesederet·
1352 4280 1356 4284 ,
1431 4243 1442 4268 ‚

173 4307 269 4368 nulia.
294 4306 432 4372 ¹deinde
455 4329 506 4373 vv.
531 4315 677 4376 or-oo
700 4311 733 4374 in
757 4313 854 4376 totius
877 4311 1030 4378 orationis
1054 4309 1213 4466 fine3fenri
1235 4303 1290 4378 rix
