3192 5154
747 383 784 447 15

210 555 400 648 simpliciter
416 558 524 627 dieere
540 560 641 624 noluit
656 558 794 625 auetor‘?
840 580 902 642 quo
918 559 1003 624 laeto
1019 560 1210 625 sententiam
1226 557 1324 624 totius

209 669 270 734 looi
287 675 375 736 stare
391 672 530 752 apparet
554 685 618 732 ev.
634 669 687 731 20.
731 666 760 730 is
784 672 894 731 autem
918 665 989 750 ipse
1012 666 1155 749 requirit,
1178 671 1213 729 ut
1236 662 1324 730 adlo-

208 781 325 859 quatur
341 773 421 838 deus
437 772 626 856 auditorem,
642 777 775 856 propter
790 783 1013 856 tapronomen.
1045 791 1146 854 quare
1162 771 1255 837 huius
1263 771 1325 836 loei

210 880 404 946 sententiam
420 886 507 944 eerte
527 878 705 944 restituisse
728 877 876 944 videmur
898 877 960 943 hae
974 876 1061 942 faeta
1077 876 1319 943 emendatione:

345 993 476 1050 mendox
486 992 583 1064 fumo,
599 991 713 1065 hospes,
728 993 806 1049 mole
815 993 854 1062 fit
866 991 937 1048 milri
949 990 1073 1049 nominis
1085 989 1184 1048 indae.

209 1113 272 1175 qua
295 1093 479 1174 mutatione,
509 1111 580 1156 oum
604 1097 712 1156 oetera
744 1091 845 1156 verba
867 1089 1039 1154 incertiora
1063 1109 1136 1156 esse
1165 1088 1324 1172 eonfitear,

208 1207 317 1265 tamen
340 1197 475 1280 hospitis
498 1217 616 1262 nomen
646 1216 724 1262 vere
753 1197 919 1261 inventum
937 1215 1009 1261 esse
1040 1194 1232 1280 putaverim.
1247 1214 1325 1259 nam

209 1324 316 1370 eoram
333 1303 461 1388 hospite
476 1302 579 1368 verba
593 1301 701 1368 faeere
717 1302 928 1367 Vertumnum
945 1300 1030 1366 infra
1046 1299 1281 1367 demonstrabo.

296 1411 368 1492 Age
383 1410 449 1473 iam
462 1409 590 1473 litterae
599 1409 634 1472 L.
642 1408 734 1473 visae
743 1407 779 1470 R.
789 1408 938 1492 exempla
946 1406 1107 1489 quaedam
1115 1407 1319 1490 oolligamus3

209 1516 263 1582 olr.
279 1515 449 1580 Ribbeekii
465 1513 557 1599 proll.
575 1514 672 1596 Verg.
688 1536 719 1599 p.
735 1518 808 1578 247.
839 1512 923 1578 hano
946 1514 1031 1578 enim
1047 1513 1326 1597 permutationem,

212 1643 283 1689 eum
299 1643 359 1687 usu
375 1621 484 1686 veniat
500 1621 537 1703 V,
561 1624 590 1702 3,
607 1624 648 1684 34
664 1626 695 1683 in
710 1626 828 1684 radios:
843 1619 882 1682 N.
891 1617 929 1682 G.
938 1625 969 1683 to
983 1625 1110 1698 plodtos,
1126 1619 1268 1702 itemque
1288 1618 1326 1703 V,

210 1733 241 1813 3,
259 1735 300 1793 55
320 1733 492 1792 Glooetdos:
515 1725 554 1790 N.
570 1725 608 1790 G.
627 1731 798 1802 Groueidos,
821 1723 959 1790 inveniri
975 1722 1052 1787 mihi
1068 1743 1260 1808 persuasum
1276 1730 1326 1790 est

208 1835 304 1900 etiam
321 1835 359 1917 V,
384 1839 412 1917 7,
434 1837 485 1897 69.
532 1853 627 1914 quem
642 1851 770 1897 versum
786 1831 861 1895 libri
877 1831 946 1895 lere
962 1830 1008 1895 sie
1023 1829 1178 1914 produnt:

420 1945 464 2002 sto
478 1947 579 2005 moros
595 1943 724 2003 lucrinas
737 1945 815 2001 miae
829 1959 970 2000 sonamus
986 1957 1108 2000 umores.

207 2065 246 2110 ae
262 2045 400 2131 primum
418 2046 547 2128 quidem
563 2051 706 2110 loetmoe
719 2050 820 2108 morito
836 2062 919 2125 quae
935 2042 999 2107 sint
1014 2061 1110 2107 nemo
1119 2042 1325 2126 excogitabit

207 2171 282 2216 nam
307 2152 334 2217 si
357 2152 589 2235 Hertzbergius
615 2157 702 2215 reete
730 2149 881 2214 laorimas
905 2147 993 2234 apud
1015 2146 1137 2214 inferos
1167 2147 1256 2214 fusas
1279 2147 1325 2212 in-

208 2257 396 2340 tellexisset,
419 2256 530 2322 addito
552 2263 654 2323 mortis
679 2257 808 2321 nomine
832 2275 943 2321 oarere
968 2273 1147 2341 possemus,
1175 2253 1326 2338 quoniam

208 2361 473 2452 cynthiam-oum
503 2363 618 2427 oeteris
649 2361 838 2426 mulieribus
860 2361 925 2426 illis
950 2361 1036 2445 apud
1058 2360 1179 2426 inferos
1202 2361 1326 2426 versari

207 2468 334 2532 seimus.
380 2465 483 2549 quid?
529 2464 615 2549 quod
643 2485 701 2548 per
729 2465 887 2531 sermonis
910 2466 1001 2548 leges
1023 2485 1065 2531 ne
1089 2467 1165 2531 lieet
1187 2465 1327 2550 quidem,

140 2611 143 2618 ·
208 2572 330 2657 siquid
354 2572 460 2656 viden,
483 2573 530 2636 ita
554 2572 717 2656 explicare
741 2571 928 2654 genetivum
951 2578 1059 2634 mortes.
1104 2571 1194 2653 atqui
1218 2571 1258 2636 de
1280 2573 1326 2635 la-

207 2679 315 2746 orimis
339 2685 474 2764 propter
494 2683 628 2743 mortem
644 2677 814 2742 mulierum
831 2677 911 2743 fusis
934 2677 988 2744 vel
1005 2695 1045 2742 ea
1059 2675 1101 2742 de
1116 2697 1215 2743 eausa
1230 2695 1327 2742 nemo

207 2785 374 2869 eogitabit,
398 2784 484 2866 quod
501 2784 549 2850 eis
566 2803 694 2849 amores
710 2803 774 2847 non
790 2791 952 2848 sanantur.
999 2802 1077 2866 ergo
1098 2803 1212 2848 vemm
1234 2803 1327 2849 voea-

207 2892 316 2955 bulum
348 2897 533 2976 corruptum
569 2896 620 2955 est
656 2889 803 2972 quaesita
838 2895 917 2954 ottae
946 2889 1084 2954 nominis
1115 2890 1327 2975 oppositione.

207 3004 379 3082 praeterea
395 3003 502 3061 autern
520 2994 658 3062 sanandi
666 2995 800 3060 verbum
809 2993 887 3059 ferri
900 2995 1020 3077 nequit
1051 2995 1325 3060 namutomittam

208 3121 227 3167 e
253 3108 421 3186 poetarum
452 3101 669 3183 elegiaeorum
700 3100 851 3184 opinione
881 3119 923 3165 ne
953 3109 1056 3166 morte
1088 3100 1219 3184 quidem
1252 3102 1326 3186 ipsa

207 3227 334 3273 amores
356 3207 473 3291 sanari,
503 3227 567 3272 non
595 3212 723 3292 poterat
744 3206 825 3271 haee
848 3206 956 3272 dicere
971 3205 1125 3292 ‚Cynthia
1149 3207 1327 3292 Propertio.

207 3312 285 3396 quid
300 3313 413 3382 enim?
444 3313 472 3379 si
488 3333 624 3380 sanasse
640 3334 676 3379 se
691 3333 819 3378 amores
842 3333 917 3379 suos
939 3314 1073 3396 nuntiat,
1097 3313 1240 3399 prolecto
1263 3314 1327 3399 ipsi

207 3421 353 3502 amatori,
370 3419 460 3486 ouius
476 3418 645 3505 perfidiam
662 3421 809 3504 increpat
818 3441 869 3486 vv.
881 3423 917 3484 13
929 3439 1008 3502 sqq,
1030 3419 1187 3505 seipsam
1206 3421 1327 3485 veteris

208 3525 303 3589 amioi
319 3525 474 3589 memoria
488 3545 552 3590 non
567 3527 633 3589 iam
649 3525 753 3590 teneri
768 3524 942 3608 profitetur.
989 3524 1126 3591 eandem
1136 3532 1244 3590 autem
1259 3525 1328 3590 lere

208 3630 401 3697 sententiam
418 3651 489 3695 eum
505 3635 677 3715 proereent
692 3650 776 3711 quae
793 3630 982 3714 propositae
997 3638 1070 3695 sunt
1086 3631 1327 3696 emendationes

206 3745 337 3802 solamur
359 3744 392 3802 et
414 3744 564 3820 sodomus,
595 3755 636 3801 ne
660 3755 720 3802 eae
746 3735 875 3818 quidem
898 3735 1119 3802 admittendae
1141 3745 1222 3804 suut
1268 3737 1327 3802 sed

208 3842 295 3926 quod
310 3843 522 3908 Marklandus
538 3842 661 3909 invenit
676 3849 752 3906 uitae
771 3864 912 3906 sonamus
927 3865 1035 3908 amoro
1057 3865 1120 3908 non
1144 3846 1240 3928 plane
1264 3844 1327 3910 dis·

209 3949 307 4033 plieet
329 3949 559 4033 Hertzbergio;
587 3967 693 4031 neque
716 3955 826 4013 tamen
849 3948 926 4012 mihi
956 3949 1085 4015 videtur
1107 3949 1184 4015 ferri
1208 3969 1322 4035 posse:

208 4055 296 4119 vitae
312 4074 424 4121 amara
438 4076 502 4120 uon
518 4056 660 4122 luerimis
677 4061 839 4137 sanantur,
856 4053 914 4119 sed
926 4055 1204 4146 ipsamortequae
1220 4056 1328 4120 omnia

208 4158 292 4242 finit,
321 4161 447 4226 aceedit
476 4167 584 4228 autem
615 4160 702 4244 quod
724 4181 754 4226 v.
780 4167 830 4225 70.
853 4181 970 4226 oratores
998 4161 1189 4227 vocabulum
1212 4168 1327 4226 tuetur.

208 4266 359 4330 hoeenim
377 4267 516 4350 Cynthia
532 4289 602 4332 eum
619 4270 720 4332 multa
736 4287 771 4333 ne
788 4267 913 4332 celasse
929 4267 1158 4333 dieatorimina
1171 4267 1326 4352 perfidiae
