3224 5154
745 405 788 469 95

210 590 318 650 autem
340 583 416 667 ipsa
438 581 537 646 etiam
568 577 736 648 dissimilis
762 588 812 646 est
841 587 976 666 propter
1003 580 1166 648 diversam
1189 581 1328 647 nominis

205 711 286 772 puer
299 689 387 775 apud
395 688 598 774 Propertium
614 694 647 754 et
654 686 806 754 Ovidium
823 687 1100 770 significationem.
1130 707 1236 771 neque
1251 709 1328 753 vero

209 797 269 863 hos
284 815 398 864 versus
414 795 457 860 ad
472 815 501 860 a
519 801 582 860 754
605 801 651 874 (1)
671 801 820 880 spectare
835 814 936 880 snpra
949 793 1016 858 iam
1032 795 1328 862 animadvertimus.

211 911 382 989 praetcrea
396 923 460 968 non
475 907 586 967 contra
606 901 685 968 artis
706 921 863 985 normam,
882 908 919 966 ut
933 901 1149 967 Heimreichio
1165 902 1254 967 visus
1270 907 1328 985 ert,

211 1011 249 1094 V,
264 1015 294 1096 6,
310 1015 352 1076 83
368 1010 403 1074 in
418 1029 495 1075 casu
510 1008 641 1090 obliquo
659 1016 746 1088 moer
759 1007 909 1074 vocabuli
928 1007 1066 1092 primam
1082 1009 1244 1094 'syllabam
1260 1027 1328 1074 cor-

210 1118 311 1201 ripuit
325 1124 430 1202 poeta.
475 1115 600 1182 aceedit
615 1115 702 1198 quod
717 1115 911 1182 vocabulum
926 1114 1065 1181 fortasse
1089 1123 1274 1201 corruptum
1295 1115 1329 1180 in

211 1223 436 1288 documentum
460 1223 615 1290 adhibere
644 1243 709 1287 non
738 1222 840 1288 decet
885 1241 991 1304 neque
1021 1222 1107 1288 enim
1131 1221 1329 1288 satisfacite

212 1329 368 1414 explicari
383 1328 444 1394 hoc
457 1351 555 1416 posse
570 1331 670 1395 etiam
685 1329 892 1410 Hertzbergii
907 1329 1022 1394 adini
1039 1329 1205 1395 adnotatio
1221 1337 1327 1395 osten-

212 1435 268 1501 dit
298 1456 341 1501 en
355 1443 463 1517 saproc
483 1457 602 1502 arenae
619 1435 767 1500 dicuntur
781 1444 916 1520 propter
931 1435 1058 1502 cladem
1072 1436 1119 1501 ibi
1134 1435 1329 1520 acceptam?

212 1543 332 1610 deinde
348 1543 500 1625 earmina,
517 1543 633 1624 quibus
647 1543 736 1608 urbis
752 1542 874 1606 Romae
886 1543 1071 1626 periegesin
1087 1540 1244 1607 conticere
1259 1563 1329 1608 coe-

212 1651 298 1737 perit
313 1650 511 1737 Propertius,
533 1650 653 1714 iniuria
671 1647 906 1714 Heimreichius
929 1649 1091 1713 contendit
1114 1669 1176 1712 non
1200 1648 1330 1714 novisse

212 1758 363 1825 Ovidium
380 1759 435 1840 qni
450 1758 484 1822 in
500 1756 571 1822 fast
588 1758 619 1821 ΙΙ
634 1779 687 1824 vv.
703 1761 721 1822 3
739 1777 808 1839 sqq.
825 1754 906 1820 haec
921 1755 1104 1840 scripserit:

393 1938 471 1982 more
479 1923 608 1996 primiore
623 1923 702 2000 velis,
718 1923 799 1999 slepi,
815 1920 976 1980 maioribus
990 1921 1054 1978 itis:

469 2029 617 2103 seipsam,
632 2029 756 2107 monent,
770 2045 867 2104 moper
882 2028 973 2086 erotis
988 2043 1068 2102 opus.

393 2137 457 2212 ipsc
472 2153 526 2211 epo
541 2153 593 2196 ooo
608 2135 699 2195 habui
709 2137 819 2208 fusiles
832 2137 863 2194 in
879 2150 982 2194 umore
995 2135 1149 2211 monstret,

445 2259 510 2301 eum
526 2244 593 2300 oca
606 2243 735 2301 moneris
743 2243 846 2316 primo
861 2243 981 2300 invecta
996 2241 1064 2298 ntis.

394 2348 470 2404 idem
485 2365 578 2405 soora
593 2365 670 2406 cuno
685 2351 861 2423 etprtutoque
876 2355 1007 2425 ternpore
1019 2347 1127 2420 fastis:

446 2454 545 2526 ecquis
559 2455 603 2511 od
615 2455 691 2511 hoec
705 2455 785 2512 illinc
799 2455 934 2513 mederet
949 2471 1013 2514 esse
1027 2455 1127 2513 oium?

212 2607 329 2689 quibus
353 2606 501 2672 versibus
527 2603 663 2672 Ovidius
687 2609 881 2692 comparatis
905 2609 1042 2674 aliorum
1065 2614 1140 2673 ante
1163 2627 1199 2674 se
1221 2608 1327 2692 ipsum

211 2721 381 2798 poetarum
398 2712 593 2778 carminibus
603 2733 675 2776 oum
688 2711 843 2778 fastorum
859 2714 1082 2796 magnitudine
1099 2715 1210 2800 elegos
1225 2734 1329 2799 nuper

211 2821 363 2905 exiguum
379 2841 462 2904 opus
485 2818 586 2886 tuisse
609 2818 642 2882 ni
664 2817 760 2884 tattor
783 2819 1000 2887 Heimreichio
1024 2821 1173 2906 profiteri·
1191 2819 1327 2888 videtur

211 2934 245 2992 at
260 2926 344 2992 hunc
360 2928 466 2994 locum
482 2934 517 2992 ut
532 2927 580 2992 ita
594 2927 703 3012 potins
719 2925 967 3010 interpretemur
983 2930 1075 3010 quasi
1092 2928 1136 2994 ad
1151 2929 1329 3013 meipsius

211 3034 355 3098 carmina
369 3034 530 3098 amatoria
543 3033 723 3118 respiciens
738 3033 828 3098 illam
840 3033 1032 3098 sententiam
1047 3036 1165 3120 tulerit,
1180 3037 1233 3102 vel
1248 3042 1329 3099 illinc

210 3161 275 3206 vox
294 3138 412 3206 suadet
434 3159 518 3222 quae
545 3137 653 3204 Ovidii
677 3138 801 3222 elegias
824 3138 1000 3202 amatorias
1023 3147 1136 3223 aperte
1160 3139 1328 3224 significat.

210 3267 288 3330 ergo
304 3252 410 3312 utrum
427 3266 468 3311 ea
483 3246 635 3329 earmina,
651 3243 693 3310 de
709 3245 825 3328 quibus
840 3244 1035 3326 quaerimus,
1049 3247 1175 3310 noverit
1191 3247 1328 3313 Ovidius

209 3371 323 3437 necne,
338 3373 380 3418 ex
395 3353 445 3418 his
462 3353 610 3419 versibus
627 3351 759 3438 probari
774 3351 894 3434 nequit.
927 3347 1030 3432 quid?
1048 3349 1175 3416 etiamsi
1190 3353 1234 3417 ad
1243 3355 1327 3438 prio-

210 3479 281 3522 rum
297 3466 466 3542 poetarum
482 3460 626 3524 carmina
640 3459 784 3524 animum
799 3456 986 3523 scandebat
999 3453 1143 3538 Ovidius,
1158 3462 1266 3522 tamen
1280 3460 1328 3523 illi

210 3565 394 3629 necessario
410 3566 492 3630 ratio
507 3565 659 3630 habenda
680 3585 745 3630 non
761 3571 833 3629 erat
848 3563 956 3647 operis
973 3583 993 3626 a
1007 3561 1178 3646 Propertio
1193 3583 1257 3628 non
1272 3566 1327 3630 ab·

209 3670 323 3752 soluti;
351 3690 414 3751 quo
437 3669 569 3751 quidem
590 3675 676 3734 certe
693 3669 778 3752 elegi
795 3669 947 3751 exiguum
971 3689 1053 3754 opus
1070 3687 1220 3734 essenon
1244 3668 1327 3734 desi-

210 3785 312 3844 enmt
366 3775 505 3859 denique
539 3797 603 3860 qna
630 3775 762 3842 tandem
789 3776 924 3860 ratione,
960 3776 1016 3840 nbi
1046 3773 1129 3840 haee
1162 3772 1329 3858 scripserit

211 3883 355 3969 Ovidius,
371 3877 436 3948 iam
446 3883 568 3950 editum
577 3881 677 3949 fuisse
693 3882 809 3948 librum
819 3883 964 3966 quintum
973 3881 1187 3948 demonstrari
1194 3879 1327 3966 potest?

210 4011 307 4073 quem
322 3998 396 4076 post
418 3999 535 4077 poetae
550 3997 688 4056 mortem
711 4011 774 4072 quo
790 3997 936 4074 tempore
957 3990 1129 4056 emiserint
1145 3988 1242 4053 amici
1264 4007 1328 4053 non

210 4103 342 4161 constat.
372 4098 431 4163 sed
445 4099 603 4164 incertum
619 4117 698 4163 sane
714 4096 773 4162 hoc
788 4106 1014 4180 argumentum
1030 4116 1135 4178 neque
1152 4116 1239 4179 vero,
1255 4115 1326 4159 eum

210 4202 269 4266 illa
284 4222 367 4284 quae
389 4205 552 4269 attulimus
573 4203 742 4288 sufficient,
764 4203 982 4268 necessarium
1008 4211 1066 4270 est.
1112 4223 1153 4268 an
1169 4201 1326 4266 Heimrei-

210 4307 348 4372 reichius
364 4303 513 4372 Ovidium
530 4310 632 4376 fastos
656 4312 797 4375 maxime
813 4308 1013 4374 conditurum
1029 4306 1073 4372 ad
1088 4309 1169 4373 haec
1184 4308 1327 4372 carmina
