3192 5154
778 421 797 482 6

233 592 388 658 accedunt
403 593 463 659 loci
487 593 639 676 nonnulli,
655 593 709 658 ubi
726 593 765 657 N.
782 593 1023 676 exquisitiorem
1048 597 1100 661 vel
1120 596 1275 661 rariorem
1292 618 1346 662 vo·

233 701 417 765 cabulorum
442 698 576 764 sormam
594 700 745 764 servavit.
783 720 858 763 nam
875 707 1100 785 praeterquam
1117 702 1201 785 quod
1219 723 1347 787 semper

232 806 300 872 fere
315 813 483 889 inprudens,
498 806 679 885 19991191),
689 805 876 886 9919999191)
893 805 1100 891 etcexhibet,
1116 808 1247 872 retinuit
1263 808 1300 891 V,
1317 813 1346 891 3,

233 915 274 978 36
291 910 455 998 99991191),
472 917 501 996 9,
526 916 567 977 36
590 922 744 991 succepto;
763 919 934 996 praeterea
956 933 1021 994 qua
1044 915 1227 998 corruptela
1242 921 1345 979 ortum

232 1019 274 1084 sit
289 1018 326 1103 V,
340 1023 387 1102 10,
405 1023 423 1084 8
441 1018 474 1082 in
490 1019 528 1082 N.
538 1039 593 1084 nee
603 1040 719 1091 ,9999991
729 1019 884 1103 explicari
899 1018 954 1083 vix
967 1026 1082 1104 potest,
1096 1020 1158 1085 nisi
1182 1021 1346 1085 librarium

232 1126 425 1211 scripturum
441 1124 540 1190 fuisse
563 1132 594 1189 r'n
617 1145 763 1188 99999999
787 1125 944 1209 suspicari
968 1125 1085 1206 licet.†)
1110 1165 1151 1174 —
1175 1134 1273 1208 atque
1296 1126 1346 1192 his
1409 1142 1417 1146 “

232 1230 362 1314 quidem
379 1232 458 1296 locis
476 1252 547 1295 cum
564 1230 762 1314 Groningani
779 1231 963 1315 interpolati
979 1230 1059 1296 fides
1083 1231 1177 1297 cedat
1194 1233 1345 1324 Neapoli-

231 1345 316 1422 tano,
340 1343 413 1402 sunt
428 1343 536 1402 tamen
552 1339 698 1420 quamvis
715 1338 809 1422 pauci
827 1338 942 1419 quibus
957 1336 1013 1401 ille
1029 1337 1279 1422 Neapolitanum
1295 1359 1345 1404 su-

231 1449 331 1529 peret.
363 1465 442 1526 quos
458 1443 522 1507 iam
539 1445 703 1527 colligam:
725 1444 762 1527 V,
775 1448 851 1526 t,36
867 1451 912 1508 r're
927 1443 964 1508 G.
980 1451 1036 1508 isse
1052 1444 1090 1507 N.
1108 1481 1150 1490 —
1167 1450 1196 1527 2,
1213 1449 1230 1509 3
1249 1465 1303 1524 eqo
1320 1457 1347 1509 et

232 1549 269 1615 G.
287 1572 340 1631 epo
356 1551 395 1614 N.
414 1587 456 1598 —
473 1555 502 1634 2,
519 1556 560 1616 58
577 1562 654 1615 meto
670 1550 706 1615 G.
723 1561 805 1615 creto
821 1550 860 1614 N.
878 1556 958 1633 -6,
976 1554 1016 1614 26
1027 1561 1171 1629 pererrat
1186 1549 1223 1616 G.
1234 1572 1346 1631 perure

231 1657 270 1722 N.
288 1695 329 1704 -
348 1663 377 1740 7,
394 1663 433 1722 65
451 1679 506 1720 sno
521 1665 662 1721 maternis
678 1656 714 1721 G.
730 1679 841 1721 999919
858 1662 985 1720 aeternis
1000 1655 1039 1720 N.
1058 1661 1138 1740 -8,
1155 1661 1195 1723 69
1207 1667 1345 1736 prostre-

230 1774 276 1827 tus
291 1761 328 1827 G.
339 1773 514 1843 protractes
528 1763 567 1826 N.
585 1800 625 1810 -
644 1768 672 1845 8,
690 1767 730 1828 78
746 1761 959 1827 9999691991
974 1762 1022 1843 N.;
1044 1761 1172 1827 ubieG.
1188 1763 1347 1847 scriptura

231 1867 373 1933 chhius
389 1869 422 1932 in
438 1868 541 1952 symb.
559 1867 610 1952 ph.
626 1869 661 1932 B.
671 1891 700 1953 p.
712 1874 775 1935 328
791 1867 877 1932 baud
894 1867 1149 1953 improbabiliter
1165 1868 1346 1934 enucleavit

230 1982 320 2040 nudet
335 1987 449 2053 opertu.
466 2013 508 2022 —
532 1979 561 2058 9,
586 1979 624 2037 21
649 1985 740 2039 torret
762 1973 799 2038 G.
824 1985 939 2054 torquet
959 1975 998 2038 N.
1024 2011 1064 2020 -
1089 1980 1119 2058 9,
1142 1979 1183 2040 22
1203 1982 1285 2052 festo
1308 1973 1345 2037 G.

227 2081 372 2162 foetoN.3
395 2079 846 2162 ubinescioanqucheilius
861 2080 895 2144 in
910 2081 1070 2146 observat.
1085 2081 1150 2145 crit.
1160 2080 1344 2162 inPropert.

231 2207 261 2270 p.
275 2191 312 2252 18
329 2186 450 2251 invenit
466 2198 541 2251 tosto
556 2185 775 2270 recipiendum
792 2187 842 2251 sit.
857 2223 902 2234 —-
917 2192 947 2270 9,
964 2191 1005 2251 38
1021 2199 1143 2267 recepto
1159 2184 1196 2249 G.
1210 2199 1345 2265 eccepto

230 2292 269 2355 N.
286 2312 348 2374 quo
372 2299 486 2377 aperte
509 2279 684 2375 genuinum
708 2293 841 2358 verbum
867 2285 1053 2378 explicatur.
1098 2293 1211 2358 horum
1237 2299 1345 2357 autern

231 2417 301 2462 cum
327 2396 489 2481 quaedam
521 2399 703 2464 coniectura
726 2399 857 2464 inventa
886 2420 958 2465 esse
985 2400 1117 2484 possint,
1148 2399 1213 2464 alia
1235 2405 1345 2462 tamen

230 2503 344 2570 eodem
360 2504 454 2570 modo
471 2511 547 2568 nata
568 2525 639 2570 esse
663 2506 719 2571 vix
734 2507 903 2591 probabile
919 2512 976 2590 est,
1000 2527 1072 2572 cum
1089 2504 1268 2570 coniciendi
1290 2523 1344 2570 ne-

230 2611 363 2676 cessitas
385 2612 474 2675 nulla
495 2611 634 2695 adesset,
664 2613 753 2677 velut
776 2612 814 2696 V,
837 2617 868 2696 2,
884 2618 919 2695 3;
949 2614 978 2696 8,
1003 2618 1058 2695 693
1088 2617 1118 2696 9,
1140 2618 1190 2677 21.
1237 2611 1345 2677 Heim·

230 2716 369 2782 reichius
385 2723 493 2781 tamen
509 2738 733 2801 quamcunque
749 2719 847 2784 aliam
865 2739 1002 2801 eamque
1011 2718 1177 2783 meliorem
1193 2737 1288 2798 quam
1306 2717 1344 2780 N.

230 2823 420 2908 scripturam
438 2822 589 2888 exhibeat
609 2823 655 2908 G,
679 2845 751 2890 eam
773 2845 814 2890 ex
835 2824 1082 2910 interpolatione
1105 2822 1242 2888 hominis
1266 2821 1344 2886 satis

229 2928 348 2994 indocti
372 2929 549 3014 proiectam
581 2950 653 2996 esse
684 2931 826 2998 coniecit.
880 2939 913 3001 at
940 2932 995 2997 illc
1027 2951 1098 2994 cum
1120 2925 1239 2991 menda
1263 2946 1345 3009 9999

229 3035 335 3117 quivis
359 3036 461 3121 possit
484 3037 645 3118 corrigere
676 3037 797 3102 intacta
817 3037 998 3120 reliquerit,
1015 3057 1090 3100 num
1115 3040 1180 3098 tam
1206 3031 1344 3116 diligens

229 3140 297 3224 1911,
313 3147 348 3205 91
364 3141 515 3207 lectiones
532 3141 764 3226 probabiliores
780 3144 833 3208 vel
850 3141 1066 3228 compluribus
1083 3139 1244 3206 codicibus
1261 3161 1344 3206 corn·

229 3247 351 3332 paratis
369 3249 505 3331 elegerit
514 3249 565 3314 vcl
581 3250 650 3334 ipsc
660 3271 716 3315 999
732 3249 864 3331 ingenio
871 3249 960 3315 nisus
969 3247 1210 3333 procreaverit?
1241 3267 1345 3329 neque

229 3373 306 3419 vero
323 3347 363 3418 ex
380 3354 443 3419 9119
460 3363 557 3437 91999
574 3357 612 3420 N.
636 3355 812 3440 archetypo
834 3355 963 3420 ductum
984 3374 1056 3420 esse
1073 3351 1110 3417 G.
1131 3352 1344 3418 demonstrari

230 3465 345 3545 potest,
367 3460 443 3543 9919
465 3461 641 3528 innumeris
658 3462 848 3546 corruptelis
871 3482 944 3526 cum
967 3462 1006 3526 N.
1031 3460 1061 3526 ei
1085 3460 1241 3526 convenit.
1287 3459 1346 3525 sed

229 3565 380 3649 quoniam
404 3564 441 3631 G.
479 3567 608 3634 saeculo
641 3567 750 3650 quinto
774 3567 898 3634 decimo
922 3572 1073 3634 exaratus
1098 3587 1139 3633 ex
1163 3567 1344 3650 archetypo

318 3798 346 3860 *1
365 3795 420 3850 Cfr.
433 3797 633 3852 Brambachius
647 3798 682 3852 de
695 3798 831 3851 sermonis
844 3796 936 3851 Latini
949 3795 1150 3874 orthographia
1168 3810 1216 3861 pp.
1230 3796 1279 3845 301
1302 3806 1343 3859 sq.

305 3883 347 3951 **)
361 3883 415 3939 Ofr.
428 3884 628 3940 Brambachius
641 3885 658 3938 l.
672 3886 689 3938 1.
703 3902 752 3954 pp.
767 3889 817 3938 200
832 3900 891 3954 sqq.

286 3972 348 4040 ***)
363 3971 692 4028 efr.Bramoaohius1.1.
706 3989 753 4040 pp.
770 3976 818 4024 221
834 3987 884 4039 sq,
906 3975 955 4022 229
971 3985 1029 4038 sqq.

239 4059 242 4065 ’
316 4060 346 4130 1)
360 4059 493 4115 Similiter
505 4061 540 4128 V,
562 4065 587 4128 9,
601 4064 615 4113 3
631 4060 707 4128 9999
721 4075 818 4113 verum
831 4063 874 4112 est
891 4057 930 4111 ad
942 4056 1070 4110 reductos
1082 4055 1201 4123 primum
1219 4055 1247 4108 in
1268 4055 1307 4109 acl
1320 4061 1346 4110 ct

229 4147 327 4204 ductos
339 4153 372 4202 ut
383 4144 444 4203 fieri
458 4149 531 4202 solet
549 4147 579 4200 in
597 4146 649 4201 hac
667 4146 878 4215 praepositione
892 4149 1063 4212 corruptum,
1085 4159 1150 4198 mcx
1167 4143 1198 4197 in
1210 4143 1243 4196 N.
1258 4151 1283 4197 et
1296 4143 1344 4196 ad-

227 4237 318 4305 919199,
336 4237 365 4292 19
385 4237 417 4290 G.
436 4243 461 4290 et
478 4236 612 4290 adductos
628 4235 732 4290 factum
750 4239 794 4288 991
810 4231 1077 4303 transposita-quae
1102 4231 1263 4287 offendebat
1281 4247 1343 4303 par-

228 4324 314 4380 ticula
327 4332 359 4380 et.
